3032 4876
180 210 243 278 152
503 206 552 264 DE
573 205 776 264 onnuonnl
795 213 837 276 89,
853 221 899 264 reo.
920 211 962 276 40,
979 222 1027 264 rer.
1101 239 1105 246 ·

178 375 276 457 atque
287 371 450 440 aedificari
465 377 618 458 coeptum
631 375 681 440 est
690 372 725 438 in
735 371 874 458 quadam
885 370 1093 458 partemue,
1110 393 1194 460 quae
1208 371 1305 441 modo
1316 394 1355 440 cx
1375 394 1387 435 1

180 460 248 563 illis
272 461 406 530 aedibus
430 461 575 565 conspici
598 467 724 565 posset,
748 461 818 548 egit
842 461 954 528 statim
975 483 1048 528 cum
1063 459 1237 565 liuentem,
1261 461 1356 550 quod,

107 549 1387 728 120tttttlttttttiffttlsitit*”trtttttttttttttl³

176 729 344 818 Marcique
364 729 504 818 Coponii
521 752 627 817 nuper
645 730 730 817 apud
750 729 969 797 centumviros
989 751 1053 816 quo
1073 751 1231 798 concursu
1248 729 1354 798 homi·

177 842 270 906 num,
289 843 354 907 qua
373 821 616 909 exspectatione
635 819 767 886 defensa
787 819 859 886 ost?
881 841 953 886 cunr
973 818 1009 898 Q.
1025 816 1191 906 Scaevola,
1210 821 1354 907 aequalia
1374 841 1387 883 e

177 913 211 976 et
233 909 361 996 collega
380 932 484 995 moue,
502 911 602 978 homt
621 911 765 976 omnium
781 914 815 976 et
834 908 1006 997 disciplina
1025 908 1106 976 iuris
1126 908 1229 976 civilis
1250 908 1354 976 erudi-

177 999 325 1067 tissimus
336 1004 368 1068 et
378 999 510 1088 ingenio
523 999 761 1087 prudentiaque
771 999 981 1066 acutissimus
1001 1004 1035 1066 et
1052 999 1198 1066 oratione
1213 999 1354 1066 maxime

177 1088 311 1156 limatus
327 1093 425 1195 atque
440 1088 572 1156 subtilis
587 1093 701 1193 atque,
715 1094 753 1192 ut
768 1111 829 1192 ego
844 1089 934 1194 soleo
949 1088 1064 1192 dicere,
1077 1088 1160 1156 iuris
1174 1089 1357 1193 peritorum
1373 1110 1387 1152 e

177 1177 481 1266 eloquentissimus,
495 1179 718 1266 eloquentium
732 1201 813 1245 runs
823 1184 1060 1268 per1trss1mus,
1069 1200 1109 1246 ex
1122 1181 1245 1267 scripto
1255 1182 1355 1246 terta-

177 1272 362 1336 mentorum
385 1268 458 1337 iura
481 1268 667 1336 defenderet
688 1272 902 1356 negaretque,
925 1268 990 1334 nisi
1012 1273 1185 1354 postumus
1205 1273 1239 1336 et
1255 1273 1355 1336 natus

176 1364 223 1445 et,
242 1364 417 1447 antequam
432 1361 467 1426 in
486 1381 578 1426 auam
598 1357 737 1426 tutelam
756 1358 897 1444 veniret,
916 1363 1064 1426 mortuus
1083 1362 1180 1445 esset,
1200 1357 1353 1426 heredem
1374 1381 1402 1423 ια

176 1470 250 1515 eum
275 1469 347 1516 esee
370 1471 480 1536 posse,
504 1448 560 1537 qui
588 1453 675 1515 esset
704 1447 880 1516 seeundum
912 1459 1100 1534 postumum
1127 1452 1161 1515 et
1182 1452 1297 1516 natum
1322 1451 1356 1514 et

175 1543 341 1606 mortuum
354 1539 449 1606 heres
464 1537 650 1624 institutus3
669 1558 731 1624 ego
751 1543 860 1606 autem
880 1537 1084 1606 defenderem
1105 1560 1179 1604 eum
1198 1538 1260 1604 hac
1283 1542 1354 1604 tum

175 1632 283 1696 mente
302 1627 418 1716 fuisse,
438 1628 495 1716 qui
513 1628 749 1695 testamentum
768 1628 915 1714 fecisset,
939 1633 992 1714 ut,
1014 1627 1043 1694 si
1067 1628 1155 1695 lilius
1173 1649 1239 1696 non
1258 1633 1354 1712 esset,

176 1717 232 1805 qui
255 1719 289 1784 in
314 1740 406 1785 suam
430 1717 569 1785 tutelam
593 1717 733 1804 reniret,
756 1717 808 1785 Μ’.
819 1717 937 1786 Curius
960 1721 1049 1785 esset
1069 1718 1177 1784 heres:
1200 1740 1279 1785 num
1299 1717 1353 1783 de·

175 1806 263 1873 stitit
276 1814 414 1895 uterque
427 1812 577 1875 nostrum
590 1807 626 1874 in
641 1829 680 1876 ea
693 1828 792 1875 causa
806 1808 839 1874 in
855 1807 1122 1895 auctoritatibus,
1134 1807 1169 1874 in
1184 1807 1352 1894 exemplis,
1374 1831 1400 1871 n

175 1897 210 1964 in
232 1899 504 1965 testamentorum
527 1896 692 1984 formulis,
714 1897 778 1965 hoc
801 1901 864 1984 est,
892 1896 1056 1964 in‘medio
1080 1899 1150 1964 iure
1172 1897 1262 1964 cirili
1285 1918 1353 1964 ver·
1373 1920 1400 1962 re

51 1993 89 2048 to
104 1999 154 2052 181
176 1987 265 2053 seri?
312 1985 438 2056 Omitto
470 1988 537 2055 iem
565 1987 660 2074 plura
688 1987 837 2076 exempla
864 2007 1037 2054 causarum
1066 1986 1354 2073 amplissimarum,
1374 2011 1401 2051 ro

176 2098 259 2164 quae
282 2083 360 2146 sunt
383 2078 648 2146 innumerabilia:
672 2077 788 2165 capitis
815 2076 922 2144 nostri
952 2099 1049 2165 saepe
1072 2081 1184 2164 potest
1207 2076 1352 2144 accidere
1372 2101 1402 2142 ao

175 2170 212 2234 ut
235 2187 351 2235 causae
365 2171 545 2236 'comentur
566 2167 601 2236 in
629 2167 708 2236 iure.
752 2166 885 2236 Etenim
915 2167 944 2234 si
969 2165 1005 2234 Ο.
1028 2165 1231 2253 Mancinum,
1258 2167 1351 2235 nobi·
1372 2192 1401 2233 ar

212 2350 236 2399 1.
254 2343 333 2402 modo
349 2343 453 2415 genade
470 2345 557 2412 noch,
575 2343 739 2400 ebennoch.
822 2349 864 2400 lt.
884 2345 916 2400 in
934 2359 1013 2401 enam
1030 2344 1157 2412 tutelone,
1178 2337 1224 2398 ‘ut
1241 2358 1272 2400 se
1290 2341 1352 2416 ipse

211 2419 235 2472 8.
265 2417 431 2499 afficeretur!
467 2415 580 2472 officere
604 2415 662 2471 und
691 2415 739 2471 ob·
784 2415 859 2472 tueri
877 2417 974 2487 posset
992 2414 1053 2472 siue
1067 2411 1186 2472 tutore.

176 2488 297 2558 struere,
317 2487 380 2543 sind
399 2486 447 2544 dre
466 2486 651 2544 technischen
668 2487 738 2544 Aua·
822 2493 864 2544 11.
884 2490 914 2542 iu
932 2488 1157 2557 coenitaretur,
1180 2486 1287 2545 Rechts
1327 2489 1353 2542 t-

175 2557 281 2615 drdclre
299 2575 356 2614 ron
370 2558 447 2628 dem,
466 2559 517 2616 der
530 2559 595 2614 dem
607 2557 741 2616 Nachbar
786 2557 901 2627 cettan,
918 2574 955 2614 c.
964 2558 1159 2630 prudentium,
1174 2558 1225 2616 der
1234 2559 1291 2616 ttae
1313 2561 1353 2615 ts·

175 2630 225 2686 das
243 2628 328 2686 Lioht
346 2631 476 2700 verbaut,
497 2632 529 2686 ut
548 2647 611 2686 cum
630 2629 660 2686 in
675 2646 739 2687 arce
785 2629 940 2701 kundigen.

175 2700 323 2772 angurium
355 2718 476 2774 augures
509 2701 600 2758 acturi
636 2705 739 2772 essent,
821 2717 894 2759 ecem
926 2702 963 2771 is,
983 2702 1123 2773 analogen
1142 2701 1248 2760 rouen.

175 2771 377 2844 iussissentque
414 2772 455 2830 Ti.
485 2772 648 2844 Claudium,
690 2773 739 2845 qui
821 2779 864 2830 18.
895 2774 1023 2843 malet,
1042 2791 1063 2830 e.
1081 2773 1141 2830 ind.

174 2843 259 2900 aedes
291 2844 322 2900 in
354 2843 451 2901 Coelio
482 2848 579 2904 monte
606 2844 738 2916 habebat,
820 2847 853 2902 ia
871 2846 958 2903 undio
976 2847 1037 2902 iure
1056 2847 1133 2904 ciuili
1151 2845 1188 2902 de.
1205 2845 1232 2902 le
1267 2844 1352 2916 1121,

175 2915 305 2972 demoliri
327 2933 374 2986 ea,
396 2935 512 2989 quorum
536 2919 655 2976 altitudo
679 2919 739 2988 effi·
785 2917 888 3000 patroc
916 2933 983 2974 vero
1010 2915 1083 3000 nihil
1110 2917 1149 2974 ad
1174 2864 1353 2990 poniificinm

174 2989 395 3062 macurpiciis.
414 2988 506 3046 deoff.
518 2989 739 3056 mineruae.
784 3005 842 3059 rus,
862 2988 912 3044 sed
932 2989 1057 3045 emedio
1073 2991 1118 3046 est
1131 2988 1192 3046 iure
1207 2989 1298 3060 civili,
1315 2988 1352 3045 ci.

211 3065 235 3121 6.
255 3061 464 3147 aspectione,
492 3061 653 3135 Spannung,
674 3077 722 3119 aar.
785 3060 822 3117 de
849 3057 895 3116 off.
923 3061 981 3118 lea
1006 3077 1079 3132 quae
1105 3064 1171 3117 sunt
1198 3078 1233 3118 ex
1256 3056 1354 3118 media

210 3132 318 3189 tiarae
326 3133 538 3206 peritorumetc.
557 3133 635 3190 Brut.
648 3132 740 3218 rudg.
784 3131 870 3188 laude
888 3130 1016 3189 iustitiae
1036 3132 1157 3204 (Adler).
1317 3181 1319 3186 .

174 3201 448 3276 ininterpretatum
467 3202 497 3268 in
516 3203 689 3275 definiendo,
708 3223 739 3263 in
822 3209 864 3260 19.
888 3203 951 3260 Dan
979 3220 1078 3262 nonme
1107 3203 1295 3278 amplissimae
1317 3236 1353 3246 -

173 3273 738 3348 explicandaaoqnitatenihileratcrasso
783 3276 893 3348 amplas
902 3273 972 3330 wind
981 3275 1034 3333 mit
1042 3273 1176 3334 Vorliebe
1185 3277 1352 3348 gebraucht,

174 3345 330 3419 copioains;
357 3345 443 3419 idque
471 3366 533 3405 eum
559 3365 606 3406 sae
628 3364 643 3406 e
667 3349 738 3406 alias
783 3363 827 3402 wo
847 3364 878 3404 es
896 3346 957 3403 sich
975 3364 1022 3403 um
1042 3347 1193 3427 Reichtum
1211 3348 1269 3405 und
1288 3347 1353 3406 (tel-

173 3422 233 3475 tura
260 3419 338 3491 apud
365 3419 553 3477 centumuiros
623 3465 629 3479 .
663 3417 739 3476 curii
784 3419 905 3477 derwert
927 3419 1058 3488 hondelt;
1082 3420 1123 3476 als
1146 3418 1271 3478 Beiwort
1296 3436 1353 3477 von

173 3506 259 3548 eausa
277 3489 423 3562 cognitum
437 3495 489 3549 est.
507 3491 551 3550 Ita
565 3491 639 3549 enim
649 3492 740 3548 multa
785 3489 927 3549 Persouen
936 3491 994 3548 und
1005 3491 1130 3549 sunam
1144 3491 1352 3549 etue-hoch-

173 3564 232 3619 tum
253 3563 351 3619 contra
369 3562 505 3636 scriptum
528 3580 580 3637 pro
599 3580 690 3635 aequo
709 3566 740 3621 et
784 3563 908 3636 mtgend
936 3595 970 3608 -
999 3581 1054 3620 rou
1082 3565 1176 3622 denen
1204 3563 1256 3622 dea
1280 3563 1352 3620 Vor-

172 3633 740 3703 bonodixit‚utbomtnemacutissimnm
784 3635 966 3708 bergehende
1015 3635 1158 3709 Beispiela
1212 3634 1354 3707 gebracht

174 3704 205 3774 Q.
221 3705 386 3764 Scaevolam
400 3704 473 3763 etin
486 3705 560 3776 iure,
574 3707 605 3763 in
618 3724 674 3780 quo
688 3706 741 3766 illa
785 3707 851 3778 hat,
875 3705 938 3762 sind
966 3706 997 3764 in
1022 3707 1163 3765 schamem
1192 3705 1352 3779 deponsata

174 3793 259 3835 musa
302 3777 480 3849 versabatur,
528 3778 740 3852 paratissimum
785 3777 831 3834 die
882 3780 983 3851 eapitis
1028 3795 1128 3838 manae
1176 3779 1350 3852 papeneber-

174 3849 306 3907 obroeret
336 3852 566 3935 argumentorum
597 3852 739 3924 exemplo·
783 3849 909 3921 gestellt

173 3932 290 3994 rumque
316 3938 412 3996 eop1a;
436 3925 521 4006 atque
546 3921 589 3990 ita
612 3925 674 3980 tum
701 3923 737 3980 ab
819 3927 861 3978 20.
890 3927 974 3994 capet
999 3920 1039 3978 ist
1066 3919 1112 3978 dia
1144 3920 1276 3980 Exiateua
1308 3923 1352 3979 als

172 3992 217 4051 his
231 3992 359 4067 patronis
372 3994 538 4066 aequalibus
554 3999 583 4054 et
600 3993 658 4052 iam
672 4011 737 4054 oon-
784 3992 996 4065 Stateburger,
1030 3994 1080 4050 der
1111 3992 1249 4066 lnbepriff
1278 3994 1352 4052 aller

173 4065 314 4123 sularibus
334 4082 419 4124 eausa
436 4065 489 4124 illa
506 4065 585 4124 dicta
597 4069 655 4137 ert,
675 4083 738 4124 enm
784 4063 984 4192 burlperlichen
1011 4065 1212 4149 Ehrenrecbte.
1254 4065 1349 4124 Wort-

168 4141 290 4210 uterque
327 4155 362 4194 ex
398 4137 542 4196 contraris
597 4141 658 4196 arta
694 4137 739 4194 ius
784 4138 828 4192 ste
852 4137 1350 4211 ung:derHantsatne1ngescblos·

174 4209 256 4270 civile
288 4209 465 4281 defenderet,
494 4214 527 4269 ut
557 4159 739 4286 subquartam
784 4225 833 4265 een
852 4225 907 4266 von
930 4209 986 4267 den
1004 4157 1103 4267 Teillan
1126 4208 1219 4268 semer
1237 4209 1350 4270 Neben·

170 4284 244 4340 a'ara'e
274 4284 461 4356 peritissimae
497 4281 625 4354 Crassus,
666 4283 738 4342 terte
784 4282 882 4337 sabos.

169 4358 320 4428 mutorum
346 4356 580 4428 eloquentissimae
610 4355 738 4414 waere
819 4357 863 4408 11.
881 4351 992 4420 Ranae
1014 4354 1040 4409 si
1063 4355 1116 4409 ete.
1153 4350 1206 4409 Die
1229 4351 1350 4411 Periode

172 4431 319 4502 putaretur
337 4444 384 4486 rra.
782 4421 919 4485 schreitet
941 4421 989 4480 bei
1012 4423 1077 4481 darn
1099 4421 1255 4480 Beebebeu
1277 4422 1351 4480 alles
1393 4453 1397 4462 ·
