<?xml version="1.0" encoding="UTF-8"?>
<!DOCTYPE html PUBLIC "-//W3C//DTD XHTML 1.0 Transitional//EN"
    "http://www.w3.org/TR/xhtml1/DTD/xhtml1-transitional.dtd">
<html xmlns="http://www.w3.org/1999/xhtml" xml:lang="en" lang="en">
 <head>
  <title>
</title>
<meta http-equiv="Content-Type" content="text/html;charset=utf-8" />
  <meta name='ocr-system' content='tesseract 3.04.00' />
  <meta name='ocr-capabilities' content='ocr_page ocr_carea ocr_par ocr_line ocrx_word'/>
</head>
<body>
  <div class='ocr_page' id='page_1' title='image "./deoratore04cicegoog_0165.png"; bbox 0 0 3032 4876; ppageno 0'>
   <div class='ocr_carea' id='block_1_1' title="bbox 450 321 1328 393">
    <p class='ocr_par' dir='ltr' id='par_1_1' title="bbox 450 321 1328 393">
     <span class='ocr_line' id='line_1_1' title="bbox 450 321 1328 393; baseline 0.009 -15"><span class='ocrx_word' id='word_1_1' title='bbox 450 323 497 379; x_wconf 82' lang='lat' dir='ltr'><strong>DE</strong></span> <span class='ocrx_word' id='word_1_2' title='bbox 516 321 686 379; x_wconf 75' lang='lat' dir='ltr'><strong>carrona</strong></span> <span class='ocrx_word' id='word_1_3' title='bbox 702 323 714 378; x_wconf 91' lang='lat'>1</span> <span class='ocrx_word' id='word_1_4' title='bbox 733 329 775 393; x_wconf 74' lang='lat'><strong>35,</strong></span> <span class='ocrx_word' id='word_1_5' title='bbox 793 339 839 382; x_wconf 85' lang='lat' dir='ltr'><strong>rsa.</strong></span> <span class='ocrx_word' id='word_1_6' title='bbox 855 337 901 380; x_wconf 81' lang='lat' dir='ltr'><strong>ras.</strong></span> <span class='ocrx_word' id='word_1_7' title='bbox 922 329 964 392; x_wconf 78' lang='grc'><strong>36,</strong></span> <span class='ocrx_word' id='word_1_8' title='bbox 980 339 1026 381; x_wconf 79' lang='lat' dir='ltr'><strong>reu.</strong></span> <span class='ocrx_word' id='word_1_9' title='bbox 1265 327 1328 393; x_wconf 83' lang='grc'><strong>145</strong></span> 
     </span>
    </p>
   </div>
   <div class='ocr_carea' id='block_1_2' title="bbox 104 486 1402 1476">
    <p class='ocr_par' dir='ltr' id='par_1_2' title="bbox 104 486 1402 1476">
     <span class='ocr_line' id='line_1_2' title="bbox 149 486 1326 577; baseline -0.003 -21"><span class='ocrx_word' id='word_1_10' title='bbox 149 491 179 556; x_wconf 92' lang='lat' dir='ltr'><strong>si</strong></span> <span class='ocrx_word' id='word_1_11' title='bbox 193 509 232 556; x_wconf 88' lang='lat' dir='ltr'><strong>ea</strong></span> <span class='ocrx_word' id='word_1_12' title='bbox 245 487 406 577; x_wconf 86' lang='lat' dir='ltr'><strong>seposita,</strong></span> <span class='ocrx_word' id='word_1_13' title='bbox 425 491 463 554; x_wconf 93' lang='lat' dir='ltr'><strong>ut</strong></span> <span class='ocrx_word' id='word_1_14' title='bbox 477 486 572 575; x_wconf 86' lang='lat' dir='ltr'><strong>dieis,</strong></span> <span class='ocrx_word' id='word_1_15' title='bbox 586 492 710 574; x_wconf 86' lang='lat' dir='ltr'><strong>essent,</strong></span> <span class='ocrx_word' id='word_1_16' title='bbox 733 492 784 575; x_wconf 92' lang='lat' dir='ltr'><strong>tu,</strong></span> <span class='ocrx_word' id='word_1_17' title='bbox 809 488 865 575; x_wconf 90' lang='lat' dir='ltr'><strong>qui</strong></span> <span class='ocrx_word' id='word_1_18' title='bbox 887 488 984 555; x_wconf 77' lang='lat' dir='ltr'><strong>valde</strong></span> <span class='ocrx_word' id='word_1_19' title='bbox 1007 486 1177 575; x_wconf 89' lang='lat' dir='ltr'><strong>spectandi</strong></span> <span class='ocrx_word' id='word_1_20' title='bbox 1192 487 1326 574; x_wconf 85' lang='lat' dir='ltr'><strong>cupidus</strong></span> 
     </span>
     <span class='ocr_line' id='line_1_3' title="bbox 144 576 1328 666; baseline -0.003 -20"><span class='ocrx_word' id='word_1_21' title='bbox 144 578 252 666; x_wconf 85' lang='lat' dir='ltr'><strong>esses,</strong></span> <span class='ocrx_word' id='word_1_22' title='bbox 266 601 332 646; x_wconf 90' lang='lat' dir='ltr'><strong>uon</strong></span> <span class='ocrx_word' id='word_1_23' title='bbox 347 576 514 644; x_wconf 77' lang='lat' dir='ltr'><strong>dubitares</strong></span> <span class='ocrx_word' id='word_1_24' title='bbox 529 598 645 666; x_wconf 86' lang='lat' dir='ltr'><strong>rogare</strong></span> <span class='ocrx_word' id='word_1_25' title='bbox 660 578 842 664; x_wconf 90' lang='lat' dir='ltr'><strong>dominum,</strong></span> <span class='ocrx_word' id='word_1_26' title='bbox 861 581 898 645; x_wconf 94' lang='lat' dir='ltr'><strong>ut</strong></span> <span class='ocrx_word' id='word_1_27' title='bbox 916 577 1057 665; x_wconf 85' lang='lat' dir='ltr'><strong>proferri</strong></span> <span class='ocrx_word' id='word_1_28' title='bbox 1075 577 1217 664; x_wconf 87' lang='lat' dir='ltr'><strong>iuberet,</strong></span> <span class='ocrx_word' id='word_1_29' title='bbox 1236 598 1328 664; x_wconf 91' lang='lat' dir='ltr'><strong>prae·</strong></span> 
     </span>
     <span class='ocr_line' id='line_1_4' title="bbox 149 665 1328 757; baseline -0.003 -21"><span class='ocrx_word' id='word_1_30' title='bbox 149 669 264 736; x_wconf 84' lang='lat' dir='ltr'><strong>sertim</strong></span> <span class='ocrx_word' id='word_1_31' title='bbox 292 667 321 737; x_wconf 92' lang='lat' dir='ltr'><strong>si</strong></span> <span class='ocrx_word' id='word_1_32' title='bbox 349 672 435 737; x_wconf 88' lang='lat' dir='ltr'><strong>esset</strong></span> <span class='ocrx_word' id='word_1_33' title='bbox 462 667 648 755; x_wconf 84' lang='lat' dir='ltr'><strong>familiaris;</strong></span> <span class='ocrx_word' id='word_1_34' title='bbox 676 667 829 734; x_wconf 88' lang='lat' dir='ltr'><strong>similiter</strong></span> <span class='ocrx_word' id='word_1_35' title='bbox 856 689 943 736; x_wconf 89' lang='lat' dir='ltr'><strong>nune</strong></span> <span class='ocrx_word' id='word_1_36' title='bbox 970 671 1063 757; x_wconf 87' lang='lat' dir='ltr'><strong>petes</strong></span> <span class='ocrx_word' id='word_1_37' title='bbox 1086 689 1107 734; x_wconf 88' lang='lat' dir='ltr'><strong>a</strong></span> <span class='ocrx_word' id='word_1_38' title='bbox 1130 665 1263 753; x_wconf 79' lang='lat' dir='ltr'><strong>Crasso,</strong></span> <span class='ocrx_word' id='word_1_39' title='bbox 1291 674 1328 733; x_wconf 90' lang='lat' dir='ltr'><strong>ut</strong></span> 
     </span>
     <span class='ocr_line' id='line_1_5' title="bbox 148 757 1328 847; baseline -0.003 -20"><span class='ocrx_word' id='word_1_40' title='bbox 148 757 241 827; x_wconf 89' lang='lat' dir='ltr'><strong>illam</strong></span> <span class='ocrx_word' id='word_1_41' title='bbox 260 757 387 847; x_wconf 87' lang='lat' dir='ltr'><strong>copiam</strong></span> <span class='ocrx_word' id='word_1_42' title='bbox 407 763 671 825; x_wconf 74' lang='lat' dir='ltr'>ornamentorum</span> <span class='ocrx_word' id='word_1_43' title='bbox 686 779 835 843; x_wconf 88' lang='lat' dir='ltr'><strong>suorum,</strong></span> <span class='ocrx_word' id='word_1_44' title='bbox 855 780 953 844; x_wconf 89' lang='lat' dir='ltr'><strong>quam</strong></span> <span class='ocrx_word' id='word_1_45' title='bbox 972 762 1192 825; x_wconf 77' lang='lat' dir='ltr'><strong>constructam</strong></span> <span class='ocrx_word' id='word_1_46' title='bbox 1210 777 1275 824; x_wconf 93' lang='lat' dir='ltr'><strong>uno</strong></span> <span class='ocrx_word' id='word_1_47' title='bbox 1293 757 1328 824; x_wconf 92' lang='lat' dir='ltr'><strong>in</strong></span> 
     </span>
     <span class='ocr_line' id='line_1_6' title="bbox 116 847 1328 936; baseline 0 -22"><span class='ocrx_word' id='word_1_48' title='bbox 116 848 221 916; x_wconf 81' lang='lat' dir='ltr'><strong>alueo</strong></span> <span class='ocrx_word' id='word_1_49' title='bbox 245 848 340 936; x_wconf 88' lang='lat' dir='ltr'><strong>quasi</strong></span> <span class='ocrx_word' id='word_1_50' title='bbox 367 870 426 935; x_wconf 90' lang='lat' dir='ltr'><strong>per</strong></span> <span class='ocrx_word' id='word_1_51' title='bbox 452 853 664 915; x_wconf 75' lang='lat' dir='ltr'><strong>transennam</strong></span> <span class='ocrx_word' id='word_1_52' title='bbox 692 854 937 932; x_wconf 88' lang='lat' dir='ltr'><strong>praetereuntes</strong></span> <span class='ocrx_word' id='word_1_53' title='bbox 965 848 1107 916; x_wconf 85' lang='lat' dir='ltr'><strong>strictim</strong></span> <span class='ocrx_word' id='word_1_54' title='bbox 1131 847 1328 934; x_wconf 72' lang='lat' dir='ltr'><strong>aspeximus,</strong></span> 
     </span>
     <span class='ocr_line' id='line_1_7' title="bbox 149 937 1112 1025; baseline 0 -21"><span class='ocrx_word' id='word_1_55' title='bbox 149 938 184 1004; x_wconf 91' lang='lat' dir='ltr'><strong>in</strong></span> <span class='ocrx_word' id='word_1_56' title='bbox 206 939 313 1006; x_wconf 89' lang='lat' dir='ltr'><strong>lucem</strong></span> <span class='ocrx_word' id='word_1_57' title='bbox 336 938 481 1025; x_wconf 88' lang='lat' dir='ltr'><strong>proferat</strong></span> <span class='ocrx_word' id='word_1_58' title='bbox 504 941 538 1004; x_wconf 90' lang='lat' dir='ltr'><strong>et</strong></span> <span class='ocrx_word' id='word_1_59' title='bbox 562 959 621 1004; x_wconf 87' lang='lat' dir='ltr'><strong>suo</strong></span> <span class='ocrx_word' id='word_1_60' title='bbox 644 937 788 1025; x_wconf 89' lang='lat' dir='ltr'><strong>quidque</strong></span> <span class='ocrx_word' id='word_1_61' title='bbox 812 938 845 1004; x_wconf 92' lang='lat' dir='ltr'><strong>in</strong></span> <span class='ocrx_word' id='word_1_62' title='bbox 869 937 941 1004; x_wconf 90' lang='lat' dir='ltr'><strong>loco</strong></span> <span class='ocrx_word' id='word_1_63' title='bbox 964 938 1112 1004; x_wconf 85' lang='lat' dir='ltr'><strong>collocet.</strong></span> 
     </span>
     <span class='ocr_line' id='line_1_8' title="bbox 238 1024 1400 1116; baseline -0.002 -22"><span class='ocrx_word' id='word_1_64' title='bbox 238 1027 321 1116; x_wconf 50' lang='lat' dir='ltr'><strong>Ego¹</strong></span> <span class='ocrx_word' id='word_1_65' title='bbox 334 1050 424 1111; x_wconf 83' lang='lat' dir='ltr'><strong>vero,</strong></span> <span class='ocrx_word' id='word_1_66' title='bbox 447 1028 556 1115; x_wconf 87' lang='lat' dir='ltr'><strong>iuquit</strong></span> <span class='ocrx_word' id='word_1_67' title='bbox 575 1025 698 1114; x_wconf 75' lang='lat' dir='ltr'><strong>Cornu,</strong></span> <span class='ocrx_word' id='word_1_68' title='bbox 720 1048 740 1093; x_wconf 89' lang='lat' dir='ltr'><strong>a</strong></span> <span class='ocrx_word' id='word_1_69' title='bbox 758 1031 793 1094; x_wconf 89' lang='lat' dir='ltr'><strong>te</strong></span> <span class='ocrx_word' id='word_1_70' title='bbox 811 1031 902 1114; x_wconf 91' lang='lat' dir='ltr'><strong>peto,</strong></span> <span class='ocrx_word' id='word_1_71' title='bbox 926 1024 1098 1115; x_wconf 84' lang='lat' dir='ltr'><strong>Scaevola,</strong></span> <span class='ocrx_word' id='word_1_72' title='bbox 1110 1062 1155 1076; x_wconf 91' lang='lat'><em>-</em></span> <span class='ocrx_word' id='word_1_73' title='bbox 1169 1048 1220 1094; x_wconf 86' lang='lat' dir='ltr'><strong>me</strong></span> <span class='ocrx_word' id='word_1_74' title='bbox 1240 1027 1328 1096; x_wconf 88' lang='lat' dir='ltr'><strong>enim</strong></span> <span class='ocrx_word' id='word_1_75' title='bbox 1347 1039 1400 1092; x_wconf 79' lang='lat' dir='ltr'><strong>stu</strong></span> 
     </span>
     <span class='ocr_line' id='line_1_9' title="bbox 149 1115 1402 1205; baseline -0.001 -21"><span class='ocrx_word' id='word_1_76' title='bbox 149 1123 183 1185; x_wconf 88' lang='lat' dir='ltr'><strong>et</strong></span> <span class='ocrx_word' id='word_1_77' title='bbox 205 1116 292 1185; x_wconf 88' lang='lat' dir='ltr'><strong>huno</strong></span> <span class='ocrx_word' id='word_1_78' title='bbox 315 1116 497 1204; x_wconf 83' lang='lat' dir='ltr'><strong>Sulpicium</strong></span> <span class='ocrx_word' id='word_1_79' title='bbox 523 1116 660 1204; x_wconf 90' lang='lat' dir='ltr'><strong>impedit</strong></span> <span class='ocrx_word' id='word_1_80' title='bbox 683 1117 788 1204; x_wconf 91' lang='lat' dir='ltr'><strong>pudor</strong></span> <span class='ocrx_word' id='word_1_81' title='bbox 810 1116 851 1183; x_wconf 90' lang='lat' dir='ltr'><strong>ab</strong></span> <span class='ocrx_word' id='word_1_82' title='bbox 875 1115 1008 1184; x_wconf 88' lang='lat' dir='ltr'><strong>homine</strong></span> <span class='ocrx_word' id='word_1_83' title='bbox 1030 1117 1177 1184; x_wconf 88' lang='lat' dir='ltr'><strong>omnium</strong></span> <span class='ocrx_word' id='word_1_84' title='bbox 1203 1118 1328 1205; x_wconf 78' lang='lat' dir='ltr'><strong>gravis·</strong></span> <span class='ocrx_word' id='word_1_85' title='bbox 1397 1185 1402 1192; x_wconf 77' lang='grc'><strong>,</strong></span> 
     </span>
     <span class='ocr_line' id='line_1_10' title="bbox 117 1206 1328 1296; baseline 0 -22"><span class='ocrx_word' id='word_1_86' title='bbox 117 1209 249 1294; x_wconf 85' lang='lat' dir='ltr'><strong>ssime,</strong></span> <span class='ocrx_word' id='word_1_87' title='bbox 272 1207 328 1296; x_wconf 90' lang='lat' dir='ltr'><strong>qui</strong></span> <span class='ocrx_word' id='word_1_88' title='bbox 348 1228 451 1294; x_wconf 86' lang='lat' dir='ltr'><strong>genus</strong></span> <span class='ocrx_word' id='word_1_89' title='bbox 469 1206 656 1273; x_wconf 89' lang='lat' dir='ltr'><strong>huiusmodi</strong></span> <span class='ocrx_word' id='word_1_90' title='bbox 680 1206 914 1294; x_wconf 82' lang='lat' dir='ltr'><strong>disputationis</strong></span> <span class='ocrx_word' id='word_1_91' title='bbox 937 1228 1066 1294; x_wconf 87' lang='lat' dir='ltr'><strong>semper</strong></span> <span class='ocrx_word' id='word_1_92' title='bbox 1084 1207 1328 1294; x_wconf 78' lang='lat' dir='ltr'><strong>contempserit,</strong></span> 
     </span>
     <span class='ocr_line' id='line_1_11' title="bbox 149 1295 1327 1453; baseline 0 -90"><span class='ocrx_word' id='word_1_93' title='bbox 149 1297 244 1383; x_wconf 86' lang='lat' dir='ltr'><strong>haec,</strong></span> <span class='ocrx_word' id='word_1_94' title='bbox 262 1319 346 1453; x_wconf 55' lang='grc' dir='ltr'>ἓιιιιο</span> <span class='ocrx_word' id='word_1_95' title='bbox 355 1297 414 1364; x_wconf 88' lang='lat' dir='ltr'><strong>isti</strong></span> <span class='ocrx_word' id='word_1_96' title='bbox 423 1297 562 1364; x_wconf 80' lang='lat' dir='ltr'><strong>forsitan</strong></span> <span class='ocrx_word' id='word_1_97' title='bbox 577 1318 752 1382; x_wconf 87' lang='lat' dir='ltr'><strong>puerorum</strong></span> <span class='ocrx_word' id='word_1_98' title='bbox 767 1295 929 1364; x_wconf 87' lang='lat' dir='ltr'><strong>elementa</strong></span> <span class='ocrx_word' id='word_1_99' title='bbox 944 1297 1132 1384; x_wconf 82' lang='lat' dir='ltr'><strong>rideantur,-</strong></span> <span class='ocrx_word' id='word_1_100' title='bbox 1145 1296 1327 1384; x_wconf 87' lang='lat' dir='ltr'><strong>exquirere:</strong></span> 
     </span>
     <span class='ocr_line' id='line_1_12' title="bbox 104 1384 1328 1476; baseline 0.001 -22"><span class='ocrx_word' id='word_1_101' title='bbox 104 1406 130 1454; x_wconf 89' lang='grc' dir='ltr'><strong>ιι</strong></span> <span class='ocrx_word' id='word_1_102' title='bbox 149 1424 195 1436; x_wconf 86' lang='lat'>-</span> <span class='ocrx_word' id='word_1_103' title='bbox 226 1407 261 1453; x_wconf 89' lang='lat' dir='ltr'><strong>se</strong></span> <span class='ocrx_word' id='word_1_104' title='bbox 311 1393 348 1454; x_wconf 93' lang='lat' dir='ltr'><strong>tu</strong></span> <span class='ocrx_word' id='word_1_105' title='bbox 374 1386 459 1454; x_wconf 88' lang='lat' dir='ltr'><strong>hane</strong></span> <span class='ocrx_word' id='word_1_106' title='bbox 485 1386 580 1454; x_wconf 90' lang='lat' dir='ltr'><strong>nobis</strong></span> <span class='ocrx_word' id='word_1_107' title='bbox 609 1386 753 1472; x_wconf 83' lang='lat' dir='ltr'><strong>reniam,</strong></span> <span class='ocrx_word' id='word_1_108' title='bbox 785 1384 955 1474; x_wconf 81' lang='lat' dir='ltr'><strong>Scaevoia,</strong></span> <span class='ocrx_word' id='word_1_109' title='bbox 988 1386 1030 1455; x_wconf 91' lang='lat' dir='ltr'><strong>ds</strong></span> <span class='ocrx_word' id='word_1_110' title='bbox 1063 1392 1097 1454; x_wconf 92' lang='lat' dir='ltr'><strong>et</strong></span> <span class='ocrx_word' id='word_1_111' title='bbox 1128 1388 1258 1476; x_wconf 83' lang='lat' dir='ltr'><strong>perfice,</strong></span> <span class='ocrx_word' id='word_1_112' title='bbox 1289 1393 1328 1455; x_wconf 88' lang='lat' dir='ltr'><strong>ut</strong></span> 
     </span>
    </p>
   </div>
   <div class='ocr_carea' id='block_1_3' title="bbox 105 1475 1398 2014">
    <p class='ocr_par' dir='ltr' id='par_1_3' title="bbox 105 1475 1398 2014">
     <span class='ocr_line' id='line_1_13' title="bbox 150 1475 1327 1566; baseline 0.001 -23"><span class='ocrx_word' id='word_1_113' title='bbox 150 1475 288 1544; x_wconf 80' lang='lat' dir='ltr'><strong>Crassus</strong></span> <span class='ocrx_word' id='word_1_114' title='bbox 312 1476 405 1563; x_wconf 86' lang='lat' dir='ltr'><strong>haee,</strong></span> <span class='ocrx_word' id='word_1_115' title='bbox 429 1499 512 1564; x_wconf 90' lang='lat' dir='ltr'><strong>quae</strong></span> <span class='ocrx_word' id='word_1_116' title='bbox 531 1477 692 1543; x_wconf 69' lang='lat' dir='ltr'><strong>coemerit</strong></span> <span class='ocrx_word' id='word_1_117' title='bbox 711 1479 744 1543; x_wconf 88' lang='lat' dir='ltr'><strong>et</strong></span> <span class='ocrx_word' id='word_1_118' title='bbox 762 1482 961 1566; x_wconf 86' lang='lat' dir='ltr'><strong>peranguste</strong></span> <span class='ocrx_word' id='word_1_119' title='bbox 979 1477 1108 1545; x_wconf 84' lang='lat' dir='ltr'><strong>refersit</strong></span> <span class='ocrx_word' id='word_1_120' title='bbox 1126 1479 1161 1544; x_wconf 91' lang='lat' dir='ltr'><strong>in</strong></span> <span class='ocrx_word' id='word_1_121' title='bbox 1180 1477 1327 1546; x_wconf 86' lang='lat' dir='ltr'><strong>oratione</strong></span> 
     </span>
     <span class='ocr_line' id='line_1_14' title="bbox 149 1566 778 1654; baseline 0 -20"><span class='ocrx_word' id='word_1_122' title='bbox 149 1589 222 1654; x_wconf 86' lang='lat' dir='ltr'><strong>sua,</strong></span> <span class='ocrx_word' id='word_1_123' title='bbox 246 1567 363 1635; x_wconf 89' lang='lat' dir='ltr'><strong>dilatet</strong></span> <span class='ocrx_word' id='word_1_124' title='bbox 385 1566 480 1634; x_wconf 87' lang='lat' dir='ltr'><strong>nobis</strong></span> <span class='ocrx_word' id='word_1_125' title='bbox 504 1569 604 1654; x_wconf 85' lang='lat' dir='ltr'><strong>atque</strong></span> <span class='ocrx_word' id='word_1_126' title='bbox 628 1566 778 1653; x_wconf 84' lang='lat' dir='ltr'><strong>explieat.</strong></span> 
     </span>
     <span class='ocr_line' id='line_1_15' title="bbox 238 1655 1398 1746; baseline -0.003 -22"><span class='ocrx_word' id='word_1_127' title='bbox 238 1655 313 1744; x_wconf 78' lang='lat' dir='ltr'><strong>Ego</strong></span> <span class='ocrx_word' id='word_1_128' title='bbox 341 1657 538 1742; x_wconf 81' lang='lat' dir='ltr'><strong>mehercule,</strong></span> <span class='ocrx_word' id='word_1_129' title='bbox 566 1655 674 1744; x_wconf 90' lang='lat' dir='ltr'><strong>inquit</strong></span> <span class='ocrx_word' id='word_1_130' title='bbox 701 1655 842 1743; x_wconf 73' lang='lat' dir='ltr'><strong>Munus,</strong></span> <span class='ocrx_word' id='word_1_131' title='bbox 873 1659 970 1724; x_wconf 85' lang='lat' dir='ltr'><strong>antea</strong></span> <span class='ocrx_word' id='word_1_132' title='bbox 999 1661 1108 1724; x_wconf 82' lang='lat' dir='ltr'><strong>vestra</strong></span> <span class='ocrx_word' id='word_1_133' title='bbox 1138 1658 1242 1746; x_wconf 89' lang='lat' dir='ltr'><strong>magis</strong></span> <span class='ocrx_word' id='word_1_134' title='bbox 1264 1656 1327 1725; x_wconf 85' lang='lat' dir='ltr'><strong>hoc</strong></span> <span class='ocrx_word' id='word_1_135' title='bbox 1347 1671 1398 1721; x_wconf 75' lang='lat' dir='ltr'><strong>roc</strong></span> 
     </span>
     <span class='ocr_line' id='line_1_16' title="bbox 149 1746 1328 1836; baseline 0 -23"><span class='ocrx_word' id='word_1_136' title='bbox 149 1767 248 1814; x_wconf 90' lang='lat' dir='ltr'><strong>causa</strong></span> <span class='ocrx_word' id='word_1_137' title='bbox 275 1746 441 1834; x_wconf 83' lang='lat' dir='ltr'><strong>volebam,</strong></span> <span class='ocrx_word' id='word_1_138' title='bbox 468 1769 566 1834; x_wconf 88' lang='lat' dir='ltr'><strong>quam</strong></span> <span class='ocrx_word' id='word_1_139' title='bbox 596 1769 684 1831; x_wconf 73' lang='lat' dir='ltr'><strong>mea,</strong></span> <span class='ocrx_word' id='word_1_140' title='bbox 709 1768 814 1833; x_wconf 88' lang='lat' dir='ltr'><strong>nequa</strong></span> <span class='ocrx_word' id='word_1_141' title='bbox 843 1747 929 1813; x_wconf 87' lang='lat' dir='ltr'><strong>enim</strong></span> <span class='ocrx_word' id='word_1_142' title='bbox 959 1751 1052 1815; x_wconf 88' lang='lat' dir='ltr'><strong>tanto</strong></span> <span class='ocrx_word' id='word_1_143' title='bbox 1081 1770 1177 1836; x_wconf 89' lang='lat' dir='ltr'><strong>opere</strong></span> <span class='ocrx_word' id='word_1_144' title='bbox 1199 1747 1285 1814; x_wconf 89' lang='lat' dir='ltr'><strong>hanc</strong></span> <span class='ocrx_word' id='word_1_145' title='bbox 1307 1770 1328 1812; x_wconf 88' lang='lat' dir='ltr'><strong>a</strong></span> 
     </span>
     <span class='ocr_line' id='line_1_17' title="bbox 150 1835 1327 1924; baseline 0 -20"><span class='ocrx_word' id='word_1_146' title='bbox 150 1835 270 1904; x_wconf 76' lang='lat' dir='ltr'><strong>Crasso</strong></span> <span class='ocrx_word' id='word_1_147' title='bbox 285 1835 542 1924; x_wconf 88' lang='lat' dir='ltr'><strong>disputationem</strong></span> <span class='ocrx_word' id='word_1_148' title='bbox 557 1835 796 1924; x_wconf 76' lang='lat' dir='ltr'><strong>desiderabam,</strong></span> <span class='ocrx_word' id='word_1_149' title='bbox 820 1841 943 1923; x_wconf 91' lang='lat' dir='ltr'><strong>quanto</strong></span> <span class='ocrx_word' id='word_1_150' title='bbox 962 1858 1059 1923; x_wconf 88' lang='lat' dir='ltr'><strong>opere</strong></span> <span class='ocrx_word' id='word_1_151' title='bbox 1079 1838 1149 1904; x_wconf 90' lang='lat' dir='ltr'><strong>eius</strong></span> <span class='ocrx_word' id='word_1_152' title='bbox 1167 1838 1203 1904; x_wconf 91' lang='lat' dir='ltr'><strong>in</strong></span> <span class='ocrx_word' id='word_1_153' title='bbox 1221 1835 1327 1905; x_wconf 85' lang='lat' dir='ltr'><strong>causis</strong></span> 
     </span>
     <span class='ocr_line' id='line_1_18' title="bbox 105 1923 1328 2014; baseline 0.002 -21"><span class='ocrx_word' id='word_1_154' title='bbox 105 1953 131 1994; x_wconf 86' lang='grc' dir='ltr'><strong>ιι</strong></span> <span class='ocrx_word' id='word_1_155' title='bbox 151 1926 298 1994; x_wconf 90' lang='lat' dir='ltr'><strong>oratione</strong></span> <span class='ocrx_word' id='word_1_156' title='bbox 313 1926 464 1993; x_wconf 84' lang='lat' dir='ltr'><strong>delector.</strong></span> <span class='ocrx_word' id='word_1_157' title='bbox 493 1925 589 1994; x_wconf 87' lang='lat' dir='ltr'><strong>Nunc</strong></span> <span class='ocrx_word' id='word_1_158' title='bbox 603 1947 697 2010; x_wconf 87' lang='lat' dir='ltr'><strong>rero,</strong></span> <span class='ocrx_word' id='word_1_159' title='bbox 716 1923 848 2014; x_wconf 78' lang='lat' dir='ltr'><strong>Crasse,</strong></span> <span class='ocrx_word' id='word_1_160' title='bbox 865 1947 939 1994; x_wconf 88' lang='lat' dir='ltr'><strong>mea</strong></span> <span class='ocrx_word' id='word_1_161' title='bbox 953 1949 1082 2014; x_wconf 89' lang='lat' dir='ltr'><strong>quoque</strong></span> <span class='ocrx_word' id='word_1_162' title='bbox 1096 1932 1129 1994; x_wconf 88' lang='lat' dir='ltr'><strong>te</strong></span> <span class='ocrx_word' id='word_1_163' title='bbox 1148 1927 1215 1994; x_wconf 90' lang='lat' dir='ltr'><strong>iam</strong></span> <span class='ocrx_word' id='word_1_164' title='bbox 1229 1950 1328 1996; x_wconf 84' lang='lat' dir='ltr'><strong>eausa</strong></span> 
     </span>
    </p>
   </div>
   <div class='ocr_carea' id='block_1_4' title="bbox 102 2015 1451 3182">
    <p class='ocr_par' dir='ltr' id='par_1_4' title="bbox 102 2015 1451 3092">
     <span class='ocr_line' id='line_1_19' title="bbox 149 2015 1326 2110; baseline 0 -28"><span class='ocrx_word' id='word_1_165' title='bbox 149 2039 244 2110; x_wconf 83' lang='lat' dir='ltr'><strong>rogo,</strong></span> <span class='ocrx_word' id='word_1_166' title='bbox 262 2020 313 2102; x_wconf 91' lang='lat' dir='ltr'><strong>ut,</strong></span> <span class='ocrx_word' id='word_1_167' title='bbox 332 2017 487 2103; x_wconf 84' lang='lat' dir='ltr'><strong>quoniam</strong></span> <span class='ocrx_word' id='word_1_168' title='bbox 501 2021 629 2082; x_wconf 87' lang='lat' dir='ltr'><strong>tantum</strong></span> <span class='ocrx_word' id='word_1_169' title='bbox 644 2015 802 2082; x_wconf 86' lang='lat' dir='ltr'><strong>habemus</strong></span> <span class='ocrx_word' id='word_1_170' title='bbox 817 2016 891 2101; x_wconf 90' lang='lat' dir='ltr'><strong>otii,</strong></span> <span class='ocrx_word' id='word_1_171' title='bbox 908 2022 1065 2104; x_wconf 88' lang='lat' dir='ltr'><strong>quantum</strong></span> <span class='ocrx_word' id='word_1_172' title='bbox 1079 2018 1146 2083; x_wconf 86' lang='lat' dir='ltr'><strong>iam</strong></span> <span class='ocrx_word' id='word_1_173' title='bbox 1162 2017 1217 2083; x_wconf 92' lang='lat' dir='ltr'><strong>diu</strong></span> <span class='ocrx_word' id='word_1_174' title='bbox 1232 2017 1326 2084; x_wconf 91' lang='lat' dir='ltr'><strong>nobis</strong></span> 
     </span>
     <span class='ocr_line' id='line_1_20' title="bbox 148 2105 1326 2194; baseline 0.002 -21"><span class='ocrx_word' id='word_1_175' title='bbox 148 2130 216 2174; x_wconf 91' lang='lat' dir='ltr'><strong>non</strong></span> <span class='ocrx_word' id='word_1_176' title='bbox 234 2106 387 2193; x_wconf 85' lang='lat' dir='ltr'><strong>contigit,</strong></span> <span class='ocrx_word' id='word_1_177' title='bbox 410 2129 451 2173; x_wconf 88' lang='lat' dir='ltr'><strong>ue</strong></span> <span class='ocrx_word' id='word_1_178' title='bbox 470 2105 617 2192; x_wconf 83' lang='lat' dir='ltr'><strong>graveris</strong></span> <span class='ocrx_word' id='word_1_179' title='bbox 637 2105 851 2173; x_wconf 85' lang='lat' dir='ltr'><strong>exaedificare</strong></span> <span class='ocrx_word' id='word_1_180' title='bbox 870 2106 904 2174; x_wconf 91' lang='lat' dir='ltr'><strong>id</strong></span> <span class='ocrx_word' id='word_1_181' title='bbox 923 2129 1019 2194; x_wconf 90' lang='lat' dir='ltr'><strong>opus,</strong></span> <span class='ocrx_word' id='word_1_182' title='bbox 1037 2108 1125 2194; x_wconf 92' lang='lat' dir='ltr'><strong>quod</strong></span> <span class='ocrx_word' id='word_1_183' title='bbox 1143 2107 1326 2175; x_wconf 87' lang='lat' dir='ltr'><strong>instituisti.</strong></span> 
     </span>
     <span class='ocr_line' id='line_1_21' title="bbox 103 2195 1327 2285; baseline 0.002 -21"><span class='ocrx_word' id='word_1_184' title='bbox 103 2222 131 2264; x_wconf 85' lang='lat' dir='ltr'><strong>so</strong></span> <span class='ocrx_word' id='word_1_185' title='bbox 150 2195 303 2273; x_wconf 78' lang='lat' dir='ltr'><strong>Formam</strong></span> <span class='ocrx_word' id='word_1_186' title='bbox 335 2197 421 2264; x_wconf 90' lang='lat' dir='ltr'><strong>enim</strong></span> <span class='ocrx_word' id='word_1_187' title='bbox 451 2197 555 2262; x_wconf 88' lang='lat' dir='ltr'><strong>totius</strong></span> <span class='ocrx_word' id='word_1_188' title='bbox 587 2195 714 2282; x_wconf 83' lang='lat' dir='ltr'><strong>negotii</strong></span> <span class='ocrx_word' id='word_1_189' title='bbox 737 2195 892 2282; x_wconf 86' lang='lat' dir='ltr'><strong>opinione</strong></span> <span class='ocrx_word' id='word_1_190' title='bbox 916 2197 1084 2264; x_wconf 89' lang='lat' dir='ltr'><strong>meliorem</strong></span> <span class='ocrx_word' id='word_1_191' title='bbox 1108 2197 1327 2285; x_wconf 84' lang='lat' dir='ltr'><strong>maioremque</strong></span> 
     </span>
     <span class='ocr_line' id='line_1_22' title="bbox 148 2285 750 2374; baseline 0 -22"><span class='ocrx_word' id='word_1_192' title='bbox 148 2285 257 2372; x_wconf 71' lang='lat' dir='ltr'><strong>video,</strong></span> <span class='ocrx_word' id='word_1_193' title='bbox 282 2308 380 2374; x_wconf 87' lang='lat' dir='ltr'><strong>quarn</strong></span> <span class='ocrx_word' id='word_1_194' title='bbox 403 2285 615 2352; x_wconf 82' lang='lat' dir='ltr'><strong>vehementer</strong></span> <span class='ocrx_word' id='word_1_195' title='bbox 638 2285 750 2370; x_wconf 86' lang='lat' dir='ltr'><strong>probo.</strong></span> 
     </span>
     <span class='ocr_line' id='line_1_23' title="bbox 238 2373 1451 2464; baseline -0.003 -21"><span class='ocrx_word' id='word_1_196' title='bbox 238 2375 428 2463; x_wconf 78' lang='lat' dir='ltr'><strong>Enimvero,</strong></span> <span class='ocrx_word' id='word_1_197' title='bbox 452 2375 559 2462; x_wconf 90' lang='lat' dir='ltr'><strong>inquit</strong></span> <span class='ocrx_word' id='word_1_198' title='bbox 582 2373 741 2460; x_wconf 75' lang='lat' dir='ltr'><strong>Crassus,</strong></span> <span class='ocrx_word' id='word_1_199' title='bbox 768 2375 882 2442; x_wconf 89' lang='lat' dir='ltr'><strong>mirari</strong></span> <span class='ocrx_word' id='word_1_200' title='bbox 909 2377 991 2443; x_wconf 90' lang='lat' dir='ltr'><strong>satis</strong></span> <span class='ocrx_word' id='word_1_201' title='bbox 1021 2397 1087 2443; x_wconf 91' lang='lat' dir='ltr'><strong>non</strong></span> <span class='ocrx_word' id='word_1_202' title='bbox 1118 2397 1201 2464; x_wconf 88' lang='lat' dir='ltr'><strong>queo</strong></span> <span class='ocrx_word' id='word_1_203' title='bbox 1226 2377 1327 2444; x_wconf 87' lang='lat' dir='ltr'><strong>etiam</strong></span> <span class='ocrx_word' id='word_1_204' title='bbox 1345 2384 1382 2442; x_wconf 81' lang='lat' dir='ltr'><strong>tt</strong></span> <span class='ocrx_word' id='word_1_205' title='bbox 1400 2390 1451 2440; x_wconf 80' lang='lat' dir='ltr'><strong>rou</strong></span> 
     </span>
     <span class='ocr_line' id='line_1_24' title="bbox 149 2463 1328 2553; baseline 0.003 -21"><span class='ocrx_word' id='word_1_206' title='bbox 149 2469 182 2532; x_wconf 91' lang='lat' dir='ltr'><strong>te</strong></span> <span class='ocrx_word' id='word_1_207' title='bbox 205 2465 299 2552; x_wconf 88' lang='lat' dir='ltr'><strong>haec,</strong></span> <span class='ocrx_word' id='word_1_208' title='bbox 323 2463 493 2552; x_wconf 82' lang='lat' dir='ltr'><strong>Scaevola,</strong></span> <span class='ocrx_word' id='word_1_209' title='bbox 517 2465 714 2551; x_wconf 86' lang='lat' dir='ltr'><strong>desiderare,</strong></span> <span class='ocrx_word' id='word_1_210' title='bbox 742 2487 826 2550; x_wconf 90' lang='lat' dir='ltr'><strong>quae</strong></span> <span class='ocrx_word' id='word_1_211' title='bbox 854 2487 958 2553; x_wconf 89' lang='lat' dir='ltr'><strong>neque</strong></span> <span class='ocrx_word' id='word_1_212' title='bbox 987 2487 1047 2553; x_wconf 86' lang='lat' dir='ltr'><strong>ego</strong></span> <span class='ocrx_word' id='word_1_213' title='bbox 1075 2471 1185 2551; x_wconf 89' lang='lat' dir='ltr'><strong>teneo,</strong></span> <span class='ocrx_word' id='word_1_214' title='bbox 1213 2467 1261 2533; x_wconf 91' lang='lat' dir='ltr'><strong>uti</strong></span> <span class='ocrx_word' id='word_1_215' title='bbox 1289 2468 1328 2552; x_wconf 89' lang='lat' dir='ltr'><strong>ei,</strong></span> 
     </span>
     <span class='ocr_line' id='line_1_25' title="bbox 149 2555 1326 2644; baseline 0.002 -22"><span class='ocrx_word' id='word_1_216' title='bbox 149 2556 205 2642; x_wconf 92' lang='lat' dir='ltr'><strong>qui</strong></span> <span class='ocrx_word' id='word_1_217' title='bbox 228 2556 485 2643; x_wconf 64' lang='lat' dir='ltr'><strong>ducentosque</strong></span> <span class='ocrx_word' id='word_1_218' title='bbox 513 2559 591 2623; x_wconf 79' lang='lat' dir='ltr'><strong>siunt</strong></span> <span class='ocrx_word' id='word_1_219' title='bbox 618 2555 687 2622; x_wconf 89' lang='lat' dir='ltr'><strong>eius</strong></span> <span class='ocrx_word' id='word_1_220' title='bbox 718 2555 863 2642; x_wconf 88' lang='lat' dir='ltr'><strong>generis,</strong></span> <span class='ocrx_word' id='word_1_221' title='bbox 892 2561 942 2643; x_wconf 88' lang='lat' dir='ltr'><strong>ut,</strong></span> <span class='ocrx_word' id='word_1_222' title='bbox 971 2557 999 2624; x_wconf 89' lang='lat' dir='ltr'><strong>si</strong></span> <span class='ocrx_word' id='word_1_223' title='bbox 1027 2557 1151 2643; x_wconf 89' lang='lat' dir='ltr'><strong>optime</strong></span> <span class='ocrx_word' id='word_1_224' title='bbox 1173 2563 1326 2644; x_wconf 88' lang='lat' dir='ltr'><strong>tenerem,</strong></span> 
     </span>
     <span class='ocr_line' id='line_1_26' title="bbox 149 2644 971 2734; baseline 0.002 -24"><span class='ocrx_word' id='word_1_225' title='bbox 149 2646 247 2734; x_wconf 89' lang='lat' dir='ltr'><strong>digna</strong></span> <span class='ocrx_word' id='word_1_226' title='bbox 272 2651 382 2713; x_wconf 85' lang='lat' dir='ltr'><strong>essent</strong></span> <span class='ocrx_word' id='word_1_227' title='bbox 403 2646 470 2712; x_wconf 91' lang='lat' dir='ltr'><strong>ista</strong></span> <span class='ocrx_word' id='word_1_228' title='bbox 493 2645 654 2732; x_wconf 86' lang='lat' dir='ltr'><strong>sapientia</strong></span> <span class='ocrx_word' id='word_1_229' title='bbox 677 2667 715 2712; x_wconf 89' lang='lat' dir='ltr'><strong>ue</strong></span> <span class='ocrx_word' id='word_1_230' title='bbox 737 2645 804 2711; x_wconf 92' lang='lat' dir='ltr'><strong>tuis</strong></span> <span class='ocrx_word' id='word_1_231' title='bbox 828 2644 971 2712; x_wconf 77' lang='lat' dir='ltr'><strong>auribus,</strong></span> 
     </span>
     <span class='ocr_line' id='line_1_27' title="bbox 103 2733 1326 2824; baseline -0.001 -23"><span class='ocrx_word' id='word_1_232' title='bbox 103 2761 130 2802; x_wconf 79' lang='lat' dir='ltr'><strong>aa</strong></span> <span class='ocrx_word' id='word_1_233' title='bbox 240 2736 313 2803; x_wconf 83' lang='lat' dir='ltr'><strong>Ain’</strong></span> <span class='ocrx_word' id='word_1_234' title='bbox 337 2736 395 2803; x_wconf 82' lang='lat' dir='ltr'><strong>tu?</strong></span> <span class='ocrx_word' id='word_1_235' title='bbox 414 2737 521 2823; x_wconf 87' lang='lat' dir='ltr'><strong>inquit</strong></span> <span class='ocrx_word' id='word_1_236' title='bbox 540 2735 621 2802; x_wconf 89' lang='lat' dir='ltr'><strong>ille.</strong></span> <span class='ocrx_word' id='word_1_237' title='bbox 646 2734 682 2801; x_wconf 77' lang='lat' dir='ltr'><strong>Si</strong></span> <span class='ocrx_word' id='word_1_238' title='bbox 700 2735 740 2801; x_wconf 89' lang='lat' dir='ltr'><strong>de</strong></span> <span class='ocrx_word' id='word_1_239' title='bbox 758 2733 833 2801; x_wconf 90' lang='lat' dir='ltr'><strong>istie</strong></span> <span class='ocrx_word' id='word_1_240' title='bbox 852 2735 1077 2802; x_wconf 85' lang='lat' dir='ltr'><strong>communibus</strong></span> <span class='ocrx_word' id='word_1_241' title='bbox 1092 2740 1126 2802; x_wconf 92' lang='lat' dir='ltr'><strong>et</strong></span> <span class='ocrx_word' id='word_1_242' title='bbox 1140 2737 1326 2824; x_wconf 79' lang='lat' dir='ltr'><strong>pervagatis</strong></span> 
     </span>
     <span class='ocr_line' id='line_1_28' title="bbox 103 2825 1326 2912; baseline 0.002 -22"><span class='ocrx_word' id='word_1_243' title='bbox 103 2849 131 2892; x_wconf 76' lang='grc' dir='ltr'><strong>ιι</strong></span> <span class='ocrx_word' id='word_1_244' title='bbox 150 2825 204 2892; x_wconf 86' lang='lat' dir='ltr'><strong>six</strong></span> <span class='ocrx_word' id='word_1_245' title='bbox 227 2825 304 2892; x_wconf 89' lang='lat' dir='ltr'><strong>huic</strong></span> <span class='ocrx_word' id='word_1_246' title='bbox 326 2827 428 2893; x_wconf 90' lang='lat' dir='ltr'><strong>aetati</strong></span> <span class='ocrx_word' id='word_1_247' title='bbox 452 2825 648 2892; x_wconf 90' lang='lat' dir='ltr'><strong>audiendum</strong></span> <span class='ocrx_word' id='word_1_248' title='bbox 672 2828 785 2910; x_wconf 91' lang='lat' dir='ltr'><strong>putas,</strong></span> <span class='ocrx_word' id='word_1_249' title='bbox 808 2825 951 2891; x_wconf 88' lang='lat' dir='ltr'><strong>etiamne</strong></span> <span class='ocrx_word' id='word_1_250' title='bbox 974 2825 1032 2891; x_wconf 90' lang='lat' dir='ltr'><strong>illa</strong></span> <span class='ocrx_word' id='word_1_251' title='bbox 1056 2825 1230 2912; x_wconf 81' lang='lat' dir='ltr'><strong>neglegere</strong></span> <span class='ocrx_word' id='word_1_252' title='bbox 1254 2849 1326 2912; x_wconf 89' lang='lat' dir='ltr'><strong>pos·</strong></span> 
     </span>
     <span class='ocr_line' id='line_1_29' title="bbox 103 2914 1328 3002; baseline 0.002 -22"><span class='ocrx_word' id='word_1_253' title='bbox 103 2936 275 3002; x_wconf 80' lang='lat' dir='ltr'><strong>assumus,</strong></span> <span class='ocrx_word' id='word_1_254' title='bbox 304 2937 387 3002; x_wconf 86' lang='lat' dir='ltr'><strong>quae</strong></span> <span class='ocrx_word' id='word_1_255' title='bbox 415 2920 451 2982; x_wconf 92' lang='lat' dir='ltr'><strong>tu</strong></span> <span class='ocrx_word' id='word_1_256' title='bbox 480 2915 603 2982; x_wconf 83' lang='lat' dir='ltr'><strong>oratori</strong></span> <span class='ocrx_word' id='word_1_257' title='bbox 632 2914 859 2999; x_wconf 86' lang='lat' dir='ltr'><strong>cognoscenda</strong></span> <span class='ocrx_word' id='word_1_258' title='bbox 887 2935 956 2980; x_wconf 89' lang='lat' dir='ltr'><strong>esse</strong></span> <span class='ocrx_word' id='word_1_259' title='bbox 980 2914 1104 3000; x_wconf 85' lang='lat' dir='ltr'><strong>dixisti,</strong></span> <span class='ocrx_word' id='word_1_260' title='bbox 1133 2916 1172 2982; x_wconf 90' lang='lat' dir='ltr'><strong>de</strong></span> <span class='ocrx_word' id='word_1_261' title='bbox 1199 2917 1328 2984; x_wconf 87' lang='lat' dir='ltr'><strong>naturis</strong></span> 
     </span>
     <span class='ocr_line' id='line_1_30' title="bbox 102 3003 1325 3092; baseline 0.001 -21"><span class='ocrx_word' id='word_1_262' title='bbox 102 3027 129 3071; x_wconf 83' lang='lat' dir='ltr'><strong>se</strong></span> <span class='ocrx_word' id='word_1_263' title='bbox 147 3005 332 3092; x_wconf 88' lang='lat' dir='ltr'><strong>hominum,</strong></span> <span class='ocrx_word' id='word_1_264' title='bbox 347 3006 387 3073; x_wconf 89' lang='lat' dir='ltr'><strong>de</strong></span> <span class='ocrx_word' id='word_1_265' title='bbox 406 3005 565 3092; x_wconf 88' lang='lat' dir='ltr'><strong>moribus,</strong></span> <span class='ocrx_word' id='word_1_266' title='bbox 579 3004 619 3070; x_wconf 91' lang='lat' dir='ltr'><strong>de</strong></span> <span class='ocrx_word' id='word_1_267' title='bbox 633 3004 817 3070; x_wconf 86' lang='lat' dir='ltr'><strong>rationibus</strong></span> <span class='ocrx_word' id='word_1_268' title='bbox 833 3004 894 3091; x_wconf 90' lang='lat' dir='ltr'><strong>eis,</strong></span> <span class='ocrx_word' id='word_1_269' title='bbox 914 3003 1032 3090; x_wconf 84' lang='lat' dir='ltr'><strong>quibus</strong></span> <span class='ocrx_word' id='word_1_270' title='bbox 1050 3004 1222 3072; x_wconf 89' lang='lat' dir='ltr'><strong>hominum</strong></span> <span class='ocrx_word' id='word_1_271' title='bbox 1236 3027 1325 3074; x_wconf 88' lang='lat' dir='ltr'><strong>men·</strong></span> 
     </span>
    </p>

    <p class='ocr_par' dir='ltr' id='par_1_5' title="bbox 147 3093 1328 3182">
     <span class='ocr_line' id='line_1_31' title="bbox 147 3093 1328 3182; baseline 0.002 -22"><span class='ocrx_word' id='word_1_272' title='bbox 147 3097 200 3161; x_wconf 91' lang='lat' dir='ltr'><strong>tes</strong></span> <span class='ocrx_word' id='word_1_273' title='bbox 214 3099 247 3161; x_wconf 89' lang='lat' dir='ltr'><strong>et</strong></span> <span class='ocrx_word' id='word_1_274' title='bbox 261 3094 476 3162; x_wconf 79' lang='lat' dir='ltr'><strong>incitarentur</strong></span> <span class='ocrx_word' id='word_1_275' title='bbox 494 3100 527 3164; x_wconf 87' lang='lat' dir='ltr'><strong>et</strong></span> <span class='ocrx_word' id='word_1_276' title='bbox 547 3095 815 3182; x_wconf 86' lang='lat' dir='ltr'><strong>reprimerentur,</strong></span> <span class='ocrx_word' id='word_1_277' title='bbox 834 3093 873 3160; x_wconf 87' lang='lat' dir='ltr'><strong>de</strong></span> <span class='ocrx_word' id='word_1_278' title='bbox 892 3094 1045 3176; x_wconf 88' lang='lat' dir='ltr'><strong>historia,</strong></span> <span class='ocrx_word' id='word_1_279' title='bbox 1066 3095 1105 3161; x_wconf 89' lang='lat' dir='ltr'><strong>de</strong></span> <span class='ocrx_word' id='word_1_280' title='bbox 1120 3096 1328 3182; x_wconf 84' lang='lat' dir='ltr'><strong>antiquitate,</strong></span> 
     </span>
    </p>
   </div>
   <div class='ocr_carea' id='block_1_5' title="bbox 146 3322 1326 3885">
    <p class='ocr_par' dir='ltr' id='par_1_6' title="bbox 146 3322 1326 3885">
     <span class='ocr_line' id='line_1_32' title="bbox 185 3322 1326 3396; baseline 0.003 -16"><span class='ocrx_word' id='word_1_281' title='bbox 185 3327 210 3380; x_wconf 82' lang='lat'><strong>5.</strong></span> <span class='ocrx_word' id='word_1_282' title='bbox 229 3327 422 3392; x_wconf 67' lang='lat' dir='ltr'><strong>emmaum,</strong></span> <span class='ocrx_word' id='word_1_283' title='bbox 449 3323 495 3379; x_wconf 89' lang='lat' dir='ltr'><strong>eiu</strong></span> <span class='ocrx_word' id='word_1_284' title='bbox 514 3322 713 3380; x_wconf 83' lang='lat' dir='ltr'><strong>Gitterfenster</strong></span> <span class='ocrx_word' id='word_1_285' title='bbox 795 3326 926 3394; x_wconf 79' lang='lat' dir='ltr'><strong>opinione</strong></span> <span class='ocrx_word' id='word_1_286' title='bbox 941 3352 975 3364; x_wconf 89' lang='lat'><strong>·—</strong></span> <span class='ocrx_word' id='word_1_287' title='bbox 993 3327 1187 3396; x_wconf 64' lang='lat' dir='ltr'><strong>maturarique,</strong></span> <span class='ocrx_word' id='word_1_288' title='bbox 1215 3325 1293 3382; x_wconf 88' lang='lat' dir='ltr'><strong>Brut.</strong></span> <span class='ocrx_word' id='word_1_289' title='bbox 1315 3344 1326 3384; x_wconf 88' lang='grc' dir='ltr'><strong>ι</strong></span> 
     </span>
     <span class='ocr_line' id='line_1_33' title="bbox 147 3393 1325 3478; baseline 0.006 -30"><span class='ocrx_word' id='word_1_290' title='bbox 147 3393 314 3478; x_wconf 74' lang='lat' dir='ltr'><strong>&lt;fenestram</strong></span> <span class='ocrx_word' id='word_1_291' title='bbox 328 3393 517 3466; x_wconf 84' lang='lat' dir='ltr'><strong>clathratans),</strong></span> <span class='ocrx_word' id='word_1_292' title='bbox 537 3395 632 3478; x_wconf 74' lang='lat' dir='ltr'><strong>trister</strong></span> <span class='ocrx_word' id='word_1_293' title='bbox 647 3395 712 3450; x_wconf 88' lang='lat' dir='ltr'><strong>wel·</strong></span> <span class='ocrx_word' id='word_1_294' title='bbox 759 3396 892 3466; x_wconf 85' lang='lat' dir='ltr'><strong>opinione</strong></span> <span class='ocrx_word' id='word_1_295' title='bbox 920 3395 1047 3452; x_wconf 88' lang='lat' dir='ltr'><strong>omnium</strong></span> <span class='ocrx_word' id='word_1_296' title='bbox 1073 3399 1208 3455; x_wconf 88' lang='lat' dir='ltr'><strong>maiorem</strong></span> <span class='ocrx_word' id='word_1_297' title='bbox 1231 3398 1325 3456; x_wconf 86' lang='lat' dir='ltr'><strong>animo</strong></span> 
     </span>
     <span class='ocr_line' id='line_1_34' title="bbox 148 3464 976 3538; baseline 0.004 -16"><span class='ocrx_word' id='word_1_298' title='bbox 148 3464 230 3523; x_wconf 90' lang='lat' dir='ltr'><strong>ehem</strong></span> <span class='ocrx_word' id='word_1_299' title='bbox 268 3465 315 3523; x_wconf 84' lang='lat' dir='ltr'><strong>die</strong></span> <span class='ocrx_word' id='word_1_300' title='bbox 351 3465 507 3522; x_wconf 78' lang='lat' dir='ltr'><strong>Varkauier</strong></span> <span class='ocrx_word' id='word_1_301' title='bbox 539 3467 600 3522; x_wconf 80' lang='lat' dir='ltr'><strong>ihre</strong></span> <span class='ocrx_word' id='word_1_302' title='bbox 628 3465 712 3522; x_wconf 88' lang='lat' dir='ltr'><strong>Ware</strong></span> <span class='ocrx_word' id='word_1_303' title='bbox 759 3467 823 3538; x_wconf 89' lang='lat' dir='ltr'><strong>cepi</strong></span> <span class='ocrx_word' id='word_1_304' title='bbox 842 3468 976 3525; x_wconf 86' lang='lat' dir='ltr'><strong>dotorem.</strong></span> 
     </span>
     <span class='ocr_line' id='line_1_35' title="bbox 148 3537 1303 3613; baseline 0.001 -20"><span class='ocrx_word' id='word_1_305' title='bbox 148 3555 198 3594; x_wconf 82' lang='lat' dir='ltr'><strong>aur</strong></span> <span class='ocrx_word' id='word_1_306' title='bbox 221 3537 314 3595; x_wconf 85' lang='lat' dir='ltr'><strong>Schau</strong></span> <span class='ocrx_word' id='word_1_307' title='bbox 338 3537 465 3606; x_wconf 82' lang='lat' dir='ltr'><strong>stellten,</strong></span> <span class='ocrx_word' id='word_1_308' title='bbox 490 3556 536 3593; x_wconf 89' lang='lat' dir='ltr'><strong>um</strong></span> <span class='ocrx_word' id='word_1_309' title='bbox 559 3538 600 3594; x_wconf 90' lang='lat' dir='ltr'><strong>sia</strong></span> <span class='ocrx_word' id='word_1_310' title='bbox 624 3537 712 3594; x_wconf 87' lang='lat' dir='ltr'><strong>eines·</strong></span> <span class='ocrx_word' id='word_1_311' title='bbox 892 3589 928 3612; x_wconf 60' lang='grc'><strong>,,</strong></span> <span class='ocrx_word' id='word_1_312' title='bbox 1164 3591 1202 3613; x_wconf 43' lang='lat'><strong>2,</strong></span> <span class='ocrx_word' id='word_1_313' title='bbox 1298 3595 1303 3608; x_wconf 73' lang='grc'>,</span> 
     </span>
     <span class='ocr_line' id='line_1_36' title="bbox 147 3592 1326 3682; baseline -0.002 -15"><span class='ocrx_word' id='word_1_314' title='bbox 147 3610 214 3668; x_wconf 85' lang='lat' dir='ltr'><strong>teile</strong></span> <span class='ocrx_word' id='word_1_315' title='bbox 240 3609 304 3667; x_wconf 89' lang='lat' dir='ltr'><strong>dem</strong></span> <span class='ocrx_word' id='word_1_316' title='bbox 331 3608 544 3682; x_wconf 83' lang='lat' dir='ltr'><strong>schaulustigen</strong></span> <span class='ocrx_word' id='word_1_317' title='bbox 562 3609 714 3667; x_wconf 76' lang='lat' dir='ltr'><strong>Publilium</strong></span> <span class='ocrx_word' id='word_1_318' title='bbox 796 3599 839 3649; x_wconf 71' lang='lat'><strong>25·</strong></span> <span class='ocrx_word' id='word_1_319' title='bbox 857 3595 940 3677; x_wconf 61' lang='lat'><strong>4²⁹¹,</strong></span> <span class='ocrx_word' id='word_1_320' title='bbox 964 3592 1009 3651; x_wconf 68' lang='lat' dir='ltr'><strong>Or·</strong></span> <span class='ocrx_word' id='word_1_321' title='bbox 1032 3610 1144 3681; x_wconf 65' lang='lat' dir='ltr'><strong>¹⁶⁴,P19</strong></span> <span class='ocrx_word' id='word_1_322' title='bbox 1177 3593 1277 3682; x_wconf 59' lang='grc' dir='ltr'>8181]ῆί</span> <span class='ocrx_word' id='word_1_323' title='bbox 1295 3615 1326 3654; x_wconf 75' lang='lat'><strong>¹¹¹</strong></span> 
     </span>
     <span class='ocr_line' id='line_1_37' title="bbox 147 3663 1324 3795; baseline 0.003 -57"><span class='ocrx_word' id='word_1_324' title='bbox 147 3683 314 3754; x_wconf 73' lang='lat' dir='ltr'><strong>anzeigen,</strong></span> <span class='ocrx_word' id='word_1_325' title='bbox 343 3680 516 3738; x_wconf 66' lang='lat' dir='ltr'><strong>maererent</strong></span> <span class='ocrx_word' id='word_1_326' title='bbox 545 3681 612 3738; x_wconf 74' lang='lat' dir='ltr'><strong>aser</strong></span> <span class='ocrx_word' id='word_1_327' title='bbox 639 3681 713 3737; x_wconf 74' lang='lat' dir='ltr'><strong>coer</strong></span> <span class='ocrx_word' id='word_1_328' title='bbox 759 3665 810 3791; x_wconf 59' lang='lat' dir='ltr'><strong>‘¹3ss</strong></span> <span class='ocrx_word' id='word_1_329' title='bbox 831 3663 1224 3794; x_wconf 51' lang='lat' dir='ltr'><strong>{t&#39;1dertesunep1e1tan3</strong></span> <span class='ocrx_word' id='word_1_330' title='bbox 1242 3672 1324 3795; x_wconf 56' lang='lat' dir='ltr'><strong>(paug</strong></span> 
     </span>
     <span class='ocr_line' id='line_1_38' title="bbox 146 3754 1323 3885; baseline 0.006 -24"><span class='ocrx_word' id='word_1_331' title='bbox 146 3755 299 3885; x_wconf 65' lang='grc' dir='ltr'>ιιι·</span> <span class='ocrx_word' id='word_1_332' title='bbox 316 3754 714 3884; x_wconf 54' lang='lat' dir='ltr'><strong>praeuertere</strong></span> <span class='ocrx_word' id='word_1_333' title='bbox 755 3754 1171 3868; x_wconf 65' lang='grc' dir='ltr'>«ιιιιιιιιιι</span> <span class='ocrx_word' id='word_1_334' title='bbox 1189 3756 1323 3870; x_wconf 73' lang='grc' dir='ltr'>ιιι,</span> 
     </span>
    </p>
   </div>
   <div class='ocr_carea' id='block_1_6' title="bbox 147 3879 1324 4615">
    <p class='ocr_par' dir='ltr' id='par_1_7' title="bbox 148 3879 1324 4172">
     <span class='ocr_line' id='line_1_39' title="bbox 183 3879 1171 3974; baseline 0.003 -36"><span class='ocrx_word' id='word_1_335' title='bbox 183 3907 207 3958; x_wconf 50' lang='lat'><strong>9,</strong></span> <span class='ocrx_word' id='word_1_336' title='bbox 236 3901 287 3974; x_wconf 56' lang='lat' dir='ltr'><strong>qu,-</strong></span> <span class='ocrx_word' id='word_1_337' title='bbox 308 3931 342 3944; x_wconf 80' lang='grc'><strong>,,</strong></span> <span class='ocrx_word' id='word_1_338' title='bbox 365 3899 566 3972; x_wconf 46' lang='lat' dir='ltr'><strong>contempnit,</strong></span> <span class='ocrx_word' id='word_1_339' title='bbox 586 3913 632 3956; x_wconf 52' lang='grc' dir='ltr'>ιω,</span> <span class='ocrx_word' id='word_1_340' title='bbox 657 3898 713 3969; x_wconf 53' lang='lat' dir='ltr'><strong>mg,</strong></span> <span class='ocrx_word' id='word_1_341' title='bbox 760 3879 881 3952; x_wconf 76' lang='lat' dir='ltr'><strong>Seyffert</strong></span> <span class='ocrx_word' id='word_1_342' title='bbox 899 3883 956 3938; x_wconf 85' lang='lat' dir='ltr'><strong>seh.</strong></span> <span class='ocrx_word' id='word_1_343' title='bbox 976 3880 1025 3938; x_wconf 81' lang='lat' dir='ltr'><strong>lat.</strong></span> <span class='ocrx_word' id='word_1_344' title='bbox 1045 3883 1058 3938; x_wconf 92' lang='lat'><em>1</em></span> <span class='ocrx_word' id='word_1_345' title='bbox 1077 3901 1104 3954; x_wconf 89' lang='lat' dir='ltr'><strong>p.</strong></span> <span class='ocrx_word' id='word_1_346' title='bbox 1125 3899 1171 3941; x_wconf 79' lang='lat' dir='ltr'><strong>rsa.</strong></span> 
     </span>
     <span class='ocr_line' id='line_1_40' title="bbox 148 3987 1324 4134; baseline 0.007 -75"><span class='ocrx_word' id='word_1_347' title='bbox 148 3987 226 4099; x_wconf 41' lang='grc' dir='ltr'><strong>Μὴ.</strong></span> <span class='ocrx_word' id='word_1_348' title='bbox 249 4045 355 4102; x_wconf 56' lang='lat' dir='ltr'><strong>mmm</strong></span> <span class='ocrx_word' id='word_1_349' title='bbox 380 4075 413 4088; x_wconf 54' lang='lat'><em>-</em></span> <span class='ocrx_word' id='word_1_350' title='bbox 437 4045 488 4113; x_wconf 50' lang='lat' dir='ltr'><strong>da,</strong></span> <span class='ocrx_word' id='word_1_351' title='bbox 507 4059 546 4113; x_wconf 46' lang='lat'><strong>93,</strong></span> <span class='ocrx_word' id='word_1_352' title='bbox 573 4043 642 4099; x_wconf 53' lang='lat' dir='ltr'><strong>,huo</strong></span> <span class='ocrx_word' id='word_1_353' title='bbox 660 4059 713 4099; x_wconf 61' lang='lat' dir='ltr'><strong>um</strong></span> <span class='ocrx_word' id='word_1_354' title='bbox 759 4008 984 4134; x_wconf 53' lang='lat' dir='ltr'><strong>triioidimmnw</strong></span> <span class='ocrx_word' id='word_1_355' title='bbox 1011 4007 1163 4080; x_wconf 83' lang='lat' dir='ltr'><strong>allgemein</strong></span> <span class='ocrx_word' id='word_1_356' title='bbox 1190 4007 1324 4080; x_wconf 84' lang='lat' dir='ltr'><strong>bekannt,</strong></span> 
     </span>
     <span class='ocr_line' id='line_1_41' title="bbox 148 4111 863 4172; baseline 0.008 -6"><span class='ocrx_word' id='word_1_357' title='bbox 148 4111 203 4169; x_wconf 90' lang='lat' dir='ltr'><strong>den</strong></span> <span class='ocrx_word' id='word_1_358' title='bbox 221 4112 359 4172; x_wconf 74' lang='lat' dir='ltr'><strong>(tutellae.</strong></span> <span class='ocrx_word' id='word_1_359' title='bbox 858 4124 863 4138; x_wconf 90' lang='grc'>·</span> 
     </span>
    </p>

    <p class='ocr_par' dir='ltr' id='par_1_8' title="bbox 148 4187 1324 4402">
     <span class='ocr_line' id='line_1_42' title="bbox 186 4187 1324 4260; baseline 0.004 -20"><span class='ocrx_word' id='word_1_360' title='bbox 186 4188 227 4240; x_wconf 83' lang='lat' dir='ltr'><strong>tr.</strong></span> <span class='ocrx_word' id='word_1_361' title='bbox 252 4189 312 4243; x_wconf 79' lang='grc' dir='ltr'>ιἰιιιι</span> <span class='ocrx_word' id='word_1_362' title='bbox 328 4194 475 4259; x_wconf 73' lang='lat' dir='ltr'><strong>quoquere</strong></span> <span class='ocrx_word' id='word_1_363' title='bbox 493 4187 557 4244; x_wconf 76' lang='grc' dir='ltr'>ιἰιιιι.</span> <span class='ocrx_word' id='word_1_364' title='bbox 579 4201 617 4244; x_wconf 85' lang='lat' dir='ltr'><strong>ras</strong></span> <span class='ocrx_word' id='word_1_365' title='bbox 635 4203 709 4243; x_wconf 84' lang='lat' dir='ltr'><strong>nuno</strong></span> <span class='ocrx_word' id='word_1_366' title='bbox 793 4191 835 4243; x_wconf 72' lang='lat' dir='ltr'><strong>tt.</strong></span> <span class='ocrx_word' id='word_1_367' title='bbox 854 4187 919 4242; x_wconf 76' lang='lat' dir='ltr'><strong>tute</strong></span> <span class='ocrx_word' id='word_1_368' title='bbox 936 4187 1098 4245; x_wconf 80' lang='lat' dir='ltr'><strong>aetati-tt</strong></span> <span class='ocrx_word' id='word_1_369' title='bbox 1116 4189 1234 4258; x_wconf 71' lang='lat' dir='ltr'><strong>iucem,</strong></span> <span class='ocrx_word' id='word_1_370' title='bbox 1252 4203 1324 4260; x_wconf 81' lang='lat' dir='ltr'><strong>ganz</strong></span> 
     </span>
     <span class='ocr_line' id='line_1_43' title="bbox 148 4253 1323 4328; baseline 0.005 -18"><span class='ocrx_word' id='word_1_371' title='bbox 148 4253 223 4310; x_wconf 88' lang='lat' dir='ltr'><strong>euim</strong></span> <span class='ocrx_word' id='word_1_372' title='bbox 242 4259 271 4312; x_wconf 89' lang='lat' dir='ltr'><strong>te</strong></span> <span class='ocrx_word' id='word_1_373' title='bbox 288 4255 347 4314; x_wconf 89' lang='lat' dir='ltr'><strong>iam</strong></span> <span class='ocrx_word' id='word_1_374' title='bbox 365 4275 510 4315; x_wconf 84' lang='lat' dir='ltr'><strong>exaremus</strong></span> <span class='ocrx_word' id='word_1_375' title='bbox 528 4274 644 4316; x_wconf 88' lang='lat' dir='ltr'><strong>necesse</strong></span> <span class='ocrx_word' id='word_1_376' title='bbox 659 4260 709 4315; x_wconf 88' lang='lat' dir='ltr'><strong>est.</strong></span> <span class='ocrx_word' id='word_1_377' title='bbox 755 4257 937 4315; x_wconf 80' lang='lat' dir='ltr'><strong>verschieden</strong></span> <span class='ocrx_word' id='word_1_378' title='bbox 966 4259 1039 4317; x_wconf 89' lang='lat' dir='ltr'><strong>uben</strong></span> <span class='ocrx_word' id='word_1_379' title='bbox 1067 4267 1120 4328; x_wconf 62' lang='grc' dir='ltr'><strong>ιι</strong></span> <span class='ocrx_word' id='word_1_380' title='bbox 1146 4260 1201 4316; x_wconf 87' lang='lat' dir='ltr'><strong>hac</strong></span> <span class='ocrx_word' id='word_1_381' title='bbox 1229 4262 1323 4318; x_wconf 87' lang='lat' dir='ltr'><strong>astate</strong></span> 
     </span>
     <span class='ocr_line' id='line_1_44' title="bbox 148 4325 882 4402; baseline 0.004 -18"><span class='ocrx_word' id='word_1_382' title='bbox 148 4327 176 4384; x_wconf 85' lang='lat' dir='ltr'><strong>S.</strong></span> <span class='ocrx_word' id='word_1_383' title='bbox 195 4325 222 4382; x_wconf 91' lang='lat' dir='ltr'><strong>d.</strong></span> <span class='ocrx_word' id='word_1_384' title='bbox 241 4325 306 4384; x_wconf 84' lang='lat' dir='ltr'><strong>irrit.</strong></span> <span class='ocrx_word' id='word_1_385' title='bbox 326 4329 398 4385; x_wconf 79' lang='lat' dir='ltr'><strong>Anh.</strong></span> <span class='ocrx_word' id='word_1_386' title='bbox 756 4327 882 4402; x_wconf 85' lang='lat' dir='ltr'><strong>dignum.</strong></span> 
     </span>
    </p>

    <p class='ocr_par' dir='ltr' id='par_1_9' title="bbox 147 4399 1034 4615">
     <span class='ocr_line' id='line_1_45' title="bbox 183 4399 1027 4496; baseline 0.005 -41"><span class='ocrx_word' id='word_1_387' title='bbox 183 4405 227 4456; x_wconf 77' lang='lat'><strong>20.</strong></span> <span class='ocrx_word' id='word_1_388' title='bbox 247 4399 377 4457; x_wconf 81' lang='lat' dir='ltr'><strong>Formam</strong></span> <span class='ocrx_word' id='word_1_389' title='bbox 386 4402 470 4482; x_wconf 74' lang='lat' dir='ltr'><strong>totius</strong></span> <span class='ocrx_word' id='word_1_390' title='bbox 478 4403 590 4474; x_wconf 67' lang='lat' dir='ltr'><strong>nepotis,</strong></span> <span class='ocrx_word' id='word_1_391' title='bbox 604 4400 711 4474; x_wconf 85' lang='lat' dir='ltr'><strong>gieich-</strong></span> <span class='ocrx_word' id='word_1_392' title='bbox 793 4441 828 4492; x_wconf 62' lang='lat'><strong>23</strong></span> <span class='ocrx_word' id='word_1_393' title='bbox 856 4442 967 4494; x_wconf 57' lang='lat' dir='ltr'><strong>mmm</strong></span> <span class='ocrx_word' id='word_1_394' title='bbox 1001 4455 1027 4496; x_wconf 50' lang='lat' dir='ltr'><strong><em>m</em></strong></span> 
     </span>
     <span class='ocr_line' id='line_1_46' title="bbox 147 4470 1034 4545; baseline 0.007 -19"><span class='ocrx_word' id='word_1_395' title='bbox 147 4487 208 4526; x_wconf 83' lang='lat' dir='ltr'><strong>sam</strong></span> <span class='ocrx_word' id='word_1_396' title='bbox 227 4471 282 4527; x_wconf 85' lang='lat' dir='ltr'><strong>den</strong></span> <span class='ocrx_word' id='word_1_397' title='bbox 296 4470 439 4527; x_wconf 83' lang='lat' dir='ltr'><strong>Grundutt</strong></span> <span class='ocrx_word' id='word_1_398' title='bbox 458 4471 528 4528; x_wconf 87' lang='lat' dir='ltr'><strong>oder</strong></span> <span class='ocrx_word' id='word_1_399' title='bbox 542 4471 711 4545; x_wconf 78' lang='lat' dir='ltr'><strong>dieAnlage</strong></span> <span class='ocrx_word' id='word_1_400' title='bbox 831 4480 837 4493; x_wconf 79' lang='lat'><em>⁶</em></span> <span class='ocrx_word' id='word_1_401' title='bbox 974 4481 983 4504; x_wconf 84' lang='lat'><em>&#39;</em></span> <span class='ocrx_word' id='word_1_402' title='bbox 1029 4484 1034 4495; x_wconf 90' lang='grc'><strong><em>·</em></strong></span> 
     </span>
     <span class='ocr_line' id='line_1_47' title="bbox 147 4541 1023 4615; baseline 0.007 -19"><span class='ocrx_word' id='word_1_403' title='bbox 147 4541 197 4599; x_wconf 88' lang='lat' dir='ltr'><strong>des</strong></span> <span class='ocrx_word' id='word_1_404' title='bbox 215 4558 322 4615; x_wconf 83' lang='lat' dir='ltr'><strong>ganzen</strong></span> <span class='ocrx_word' id='word_1_405' title='bbox 341 4543 440 4599; x_wconf 85' lang='lat' dir='ltr'><strong>Bauas.</strong></span> <span class='ocrx_word' id='word_1_406' title='bbox 794 4551 838 4600; x_wconf 76' lang='lat'><strong>29.</strong></span> <span class='ocrx_word' id='word_1_407' title='bbox 857 4551 970 4612; x_wconf 69' lang='lat' dir='ltr'><strong>mutes,</strong></span> <span class='ocrx_word' id='word_1_408' title='bbox 990 4561 1023 4602; x_wconf 82' lang='grc' dir='ltr'><strong>ιι.</strong></span> 
     </span>
    </p>
   </div>
   <div class='ocr_carea' id='block_1_7' title="bbox 201 4653 1111 4708">
    <p class='ocr_par' dir='ltr' id='par_1_10' title="bbox 201 4653 1111 4708">
     <span class='ocr_line' id='line_1_48' title="bbox 201 4653 1111 4708; baseline 0.003 -14"><span class='ocrx_word' id='word_1_409' title='bbox 201 4653 249 4696; x_wconf 80' lang='lat' dir='ltr'><strong>cro.</strong></span> <span class='ocrx_word' id='word_1_410' title='bbox 260 4661 292 4695; x_wconf 86' lang='lat' dir='ltr'><strong>uu</strong></span> <span class='ocrx_word' id='word_1_411' title='bbox 304 4661 371 4696; x_wconf 72' lang='lat' dir='ltr'><strong>ouer</strong></span> <span class='ocrx_word' id='word_1_412' title='bbox 1077 4654 1111 4708; x_wconf 85' lang='lat'><strong>10</strong></span> 
     </span>
    </p>
   </div>
   <div class='ocr_carea' id='block_1_8' title="bbox 0 0 1520 4876">
    <p class='ocr_par' dir='ltr' id='par_1_11' title="bbox 0 0 1520 4876">
     <span class='ocr_line' id='line_1_49' title="bbox 0 0 1520 4876; baseline 0 1"><span class='ocrx_word' id='word_1_413' title='bbox 0 0 1520 4876; x_wconf 95' lang='lat' dir='ltr'><strong> </strong></span> 
     </span>
    </p>
   </div>
  </div>
 </body>
</html>
