3032 4876
549 243 596 299 DE
618 243 817 300 ORATOREI
837 250 879 314 39,
896 259 942 300 ns.
959 258 1003 300 ne.
1300 249 1362 316 151

150 435 161 474 ι
186 409 237 477 eui
254 409 378 476 Romae
403 409 534 476 exulare
557 409 607 475 ius
627 413 727 496 esset,
750 409 779 474 si
798 431 833 474 se
853 407 893 474 ad
913 408 1056 494 aliquem
1076 409 1169 494 quasi
1188 413 1363 494 patronum

185 499 430 587 applicavisset,
453 498 678 586 intestatoque
701 503 789 566 esset
811 501 973 564 mortuus:
1002 519 1107 564 nonne
1136 498 1169 563 iu
1197 520 1236 565 ee
1267 519 1364 565 eausa

153 635 155 638 -
184 589 235 656 ius
260 589 505 677 applicationis,
533 587 707 655 obscurum
737 609 814 654 sane
844 594 876 653 et
904 587 1071 672 ignotum,
1102 587 1305 671 patefactum
1328 588 1363 654 in

153 678 304 746 siudioio
332 683 431 766 atque
459 677 661 745 illustratum
691 683 741 744 est
765 701 785 744 a
807 677 969 764 patrono?
1017 676 1125 754 Quid?
1149 699 1266 764 nuper,
1290 699 1363 745 eum
1383 691 1433 740 178

153 789 248 854 sego
273 765 309 836 0.
328 767 435 855 Sergii
458 767 580 835 Oratae
610 771 724 834 eontra
751 767 837 833 hune
863 770 1012 834 nostrum
1038 766 1221 833 Antonium
1243 766 1363 834 iudicio

185 861 314 944 privato
334 880 464 925 eausam
485 857 705 942 defenderem,
725 878 831 923 nonne
851 856 955 940 omisis
971 856 1134 922 nostruin
1149 856 1218 922 iure
1233 862 1363 924 versate

184 946 329 1015 defensio
354 948 443 1014 est?·''
464 945 545 1014 Oum
566 947 654 1015 enim
679 945 863 1013 linarias
885 945 1097 1012 Gratidianus
1122 946 1216 1012 aedes
1241 943 1363 1013 Oratae

152 1035 400 1122 avendidisset,
423 1058 528 1123 neque
551 1037 673 1104 servire
698 1036 862 1122 quandam
887 1057 999 1102 earum
1024 1035 1153 1102 aedium
1178 1038 1364 1124 partemin

151 1153 165 1194 s
185 1125 337 1211 mancipii
362 1127 434 1212 lege
458 1127 609 1208 dixisset,
632 1125 899 1211 defendebamus,
924 1125 1081 1212 quidquid
1105 1125 1223 1193 fnisset
1241 1126 1362 1194 irreom·

141 1243 166 1282 ro
185 1215 274 1282 modi
306 1217 341 1282 r'n
374 1217 549 1303 mancipio,
578 1217 611 1282 id
640 1215 668 1282 si
699 1215 848 1282 venditor
874 1215 991 1282 suisset
1019 1237 1122 1302 neque
1155 1214 1364 1303 declarasset,

207 1309 353 1373 raestars
386 1304 512 1373 debere.
558 1305 628 1382 Qua
661 1305 792 1391 quidem
825 1305 857 1371 in
891 1327 1008 1392 genere
1041 1304 1212 1371 familiaris
1250 1311 1363 1374 noster
1384 1319 1434 1368 las

183 1329 226 1462 il.
250 1393 441 1480 Buculeius,
468 1393 568 1461 homo
596 1417 701 1482 neque
731 1415 803 1460 meo
831 1393 951 1462 iudicio
980 1395 1102 1462 stultus
1130 1400 1164 1461 et
1187 1417 1245 1462 suo
1270 1396 1363 1464 valde

138 1511 164 1552 ιι
183 1484 313 1572 sepiens
338 1489 371 1551 et
390 1483 431 1551 ab
451 1486 532 1550 iuris
551 1484 660 1551 studio
683 1506 750 1551 non
769 1485 962 1568 abhorrens,
986 1484 1087 1552 simili
1107 1485 1247 1572 quodam
1267 1485 1363 1553 modo

182 1596 287 1664 nuper
305 1574 436 1644 erravit.
462 1573 557 1642 Nam
576 1597 649 1642 cunr
669 1573 765 1642 aedes
784 1573 820 1641 L.
840 1572 934 1641 Fullo
954 1575 1122 1660 venderet,
1146 1575 1182 1640 in
1201 1575 1362 1662 mancipio

138 1659 354 1753 rs‘lunrina,
376 1665 538 1732 utitem
557 1659 708 1750 essent',
731 1665 787 1731 ite
806 1665 959 1751 recepit.
996 1663 1103 1730 Fufius
1124 1668 1243 1749 autem,
1263 1665 1363 1733 simul

219 1938 242 1987 ι.
283 1946 311 1986 ae
342 1929 380 1988 ad
411 1930 529 2002 aliquem
560 1930 644 2002 qnasi
674 1935 750 2003 patr.
795 1930 848 1986 mit
875 1930 1021 1997 damnum,
1050 1925 1285 1988 ‘Sohadenersatz
1312 1931 1363 1988 lei-

182 2003 239 2059 Das
259 2001 343 2058 Wort
368 2004 506 2074 patronus
534 2000 573 2058 ist
600 2001 642 2058 als
671 2005 751 2058 senst
796 1999 880 2072 sten',
899 2002 952 2058 wie
971 2001 1111 2058 hernach:
1135 2002 1221 2058 iudex
1238 2001 1278 2058 itu
1298 2020 1361 2072 pro·

180 2093 235 2130 nur
265 2073 311 2128 fiir
338 2072 531 2145 eigentliehen
561 2073 749 2130 Klientelver·
795 2074 1044 2142 nuntiaviteum
1071 2073 1101 2129 in
1129 2075 1276 2133 vendendo
1300 2091 1362 2130 eam

181 2146 259 2202 band
286 2145 435 2216 geltender
462 2144 611 2201 Ausdruek
637 2145 668 2200 in
693 2147 749 2200 An·
795 2163 854 2202 reru
879 2145 979 2202 scisset
1002 2151 1031 2203 et
1058 2163 1114 2202 nou
1142 2145 1361 2218 pronuntiasset,

182 2215 439 2286 luhrungsueieheu
457 2235 492 2272 au
510 2216 749 2273 denken-wenn
796 2219 915 2290 emptori
945 2220 1077 2276 damnum
1106 2221 1248 2289 praesent
1279 2236 1360 2291 opor·
1455 2228 1459 2237 '

183 2305 213 2346 er
231 2288 293 2344 eleb
312 2306 348 2343 ‘an
363 2287 493 2358 jemand,
512 2287 749 2360 gewissarmallen
796 2293 874 2361 tere).

162 2359 279 2434 ,seineu
294 2355 423 2416 ‘Patron'
444 2360 671 2430 augesehlossen.
833 2369 880 2418 la
911 2363 998 2418 simili
1050 2362 1150 2418 nodam
1188 2363 1280 2432 mado,
1332 2363 1362 2418 in

217 2439 243 2489 4.
277 2449 340 2514 eun
367 2449 425 2505 epo,
456 2432 491 2487 de
516 2431 561 2490 off.
588 2433 627 2488 III
646 2451 678 2490 er,
721 2433 748 2489 S.
796 2380 1216 2502 ziemlichahnlieberWeise',
1235 2435 1361 2492 insofern

180 2503 238 2562 ind.
258 2503 448 2562 Gratidianus.
795 2525 825 2560 es
850 2507 909 2561 sich
934 2505 1058 2561 namlich
1083 2505 1156 2562 anob
1184 2505 1222 2562 da
1245 2525 1292 2562 um
1316 2508 1362 2562 ein

217 2584 241 2635 a.
270 2577 375 2634 inritato
433 2577 535 2645 doato,
574 2593 624 2631 vor
657 2577 748 2633 einem
795 2576 921 2633 Servitut
938 2577 1072 2634 haudelte
1095 2577 1153 2633 und
1176 2577 1223 2635 die
1241 2579 1361 2651 Angabe

180 2649 279 2721 eigans
311 2647 383 2704 daun
408 2595 566 2705 bestellten
598 2646 749 2719 Magistret
794 2649 831 2703 im
842 2647 1105 2706 Kanllrontralrtals
1121 2648 1362 2720 niebtjurietiseh

179 2719 315 2793 (Frater),
353 2719 393 2775 im
426 2719 585 2791 Gegensata
622 2738 656 2776 zu
693 2721 747 2776 den
794 2737 885 2792 genau
901 2738 995 2794 genug
1014 2720 1180 2779 erseheinen
1200 2721 1315 2780 lronnte.
1335 2725 1361 2778 II

180 2791 334 2864 suidiger
353 2791 580 2848 Geriehtshtfen.
795 2809 833 2850 nr
856 2810 928 2850 novo
952 2793 1075 2876 quodem
1097 2793 1190 2850 moda.
1228 2793 1307 2851 Brut.
1324 2811 1362 2854 ns

216 2871 242 2921 8.
278 2865 378 2922 servire
410 2864 463 2920 mit
499 2863 591 2920 ei'nem
624 2864 749 2920 Servitut
794 2881 882 2937 prope
908 2863 996 2920 simili
1017 2864 1128 2921 ratione
1155 2883 1277 2922 summus
1298 2885 1361 2923 eva-

175 2933 313 2994 'belaslet
331 2931 414 3004 sein’,
434 2935 486 2992 wie
505 2935 629 2994 naehher
642 2935 748 2992 iucom-
795 2940 877 2993 serat.
916 2937 943 2993 S.
959 2937 985 2994 d.
1001 2937 1067 2994 krit.
1083 2937 1155 2996 Aah.

179 3009 295 3064 modum
311 3003 404 3064 ‘Lest’
424 3007 581 3079 (Serviunt).
832 3015 872 3065 15.
893 3009 1013 3073 lamiae,
1031 3011 1077 3067 nti
1094 3016 1152 3066 lam
1165 3017 1259 3067 meat.
1279 3009 1360 3072 blech

217 3087 242 3137 9.
276 3081 446 3151 mancipium
477 3079 564 3148 Kauf,
599 3081 643 3138 lea
670 3098 747 3137 maa·
794 3081 850 3136 den
878 3079 942 3151 Dig.
961 3081 1027 3136 VIII
1046 3079 1122 3138 tias
1145 3081 1252 3138 reiebte
1282 3081 1359 3138 disse

179 3152 250 3222 eipa'r'
275 3150 409 3207 Urlrunde
438 3151 487 3206 des
515 3149 633 3220 Kenios,
663 3151 749 3208 Kauf·
794 3151 898 3209 Kautel
925 3169 988 3208 aus:
1018 3151 1048 3208 Si
1073 3153 1192 3210 seruitus
1226 3152 1359 3226 imposita

178 3221 327 3294 koutralrt‚
349 3221 511 3301 Kaufbrief,
530 3223 657 3280 naebher
670 3241 746 3280 men·
792 3223 892 3280 fuerit:
917 3225 1024 3281 lamiae
1046 3242 1117 3296 puae
1139 3241 1215 3282 aeae
1239 3232 1305 3282 sunt
1330 3234 1360 3282 nl

180 3293 284 3366 alpium
295 3293 514 3365 aKeufobjelrt.
793 3298 835 3353 ila
852 3299 923 3366 siet,
943 3297 978 3352 de
997 3297 1100 3352 futuris
1118 3295 1273 3353 luminibus
1288 3297 1360 3354 nihil

216 3389 258 3439 10,
277 3399 362 3454 nequo
376 3384 551 3454 decianam,
570 3382 745 3442 'verpchwiffi
794 3366 888 3425 ΕΩΝΘΥῙ
908 3367 1044 3453 videbun.
1066 3367 1171 3435 Quodsi
1186 3369 1227 3455 iba
1242 3369 1281 3424 sit
1295 3387 1359 3426 esu·

179 3472 235 3526 gen
262 3451 366 3522 aare,
396 3455 430 3512 ee
463 3455 510 3512 off.
529 3455 570 3510 111
587 3472 614 3514 a
642 3458 682 3512 ne
711 3457 746 3513 aa
791 3442 853 3523 tum
880 3458 915 3498 ‚a
942 3442 1273 3524 suessonensium,
1301 3458 1359 3522 ern,-

178 3527 239 3584 iure
269 3525 384 3596 quidem
412 3526 592 3596 praediorum
617 3531 747 3584 sanetum
791 3511 881 3638 blgua
900 3515 943 3568 0¹f·
961 3515 1112 3594 SPflPluffls
1133 3516 1263 3569 ullumne
1278 3514 1358 3568 luml-

179 3599 255 3672 apud
274 3616 325 3654 nos
345 3603 389 3654 est
406 3598 466 3653 iure
486 3597 577 3667 civili,
601 3599 681 3654 utin
700 3599 745 3655 his
792 3601 821 3639 ¹²1
842 3601 884 3666 ¹¹⁸,
907 3583 1047 3667 ⁰&ssfo
1079 3599 1152 3654 ‘1⁰²0
1183 3601 1257 3640 ”⁰¹¹0
1286 3589 1358 3649 sunt,

179 3671 334 3728 vendendis
362 3669 434 3725 vilia
467 3669 639 3739 dicerentur,
674 3688 744 3740 quse
790 3671 828 3710 Μ
847 3657 932 3738 {llam
952 3671 1005 3722 ers,
1030 3672 1101 3724 quae
1128 3658 1229 3782 postea
1248 3673 1359 3740 qssqllue

176 3747 246 3800 note
272 3744 366 3798 essent
393 3740 543 3798 venditori
579 3741 653 3797 Nam
681 3760 745 3798 enm
791 3725 903 3809 fuerint·
951 3727 1044 3810 Fudllfl
1073 3728 1129 3784 W01
1140 3731 1175 3809 ie,
1198 3729 1266 3784 “bel
1295 3745 1358 3811 10¹¹?

169 3833 211 3873 'ex
230 3813 381 3872 duodecim
400 3813 505 3870 tabulis
520 3813 589 3869 satis
604 3817 690 3885 esset,
711 3831 745 3870 ee
789 3798 987 3870 Bfssllmfflunss
1001 3817 1029 3881 Ψ
1044 3799 1107 3854 (¹0¹³
1122 3800 1358 3884 W0¹l010¹¹S¹J¹¹¹0

177 3886 331 3960 praestari,
347 3885 744 3957 quaeessentlinguanuneu·
789 3870 960 3926 vestimen
983 3887 1085 3928 Wffisffl
1108 3872 1150 3926 ²¹³
1174 3888 1266 3998 8θέθῦ
1292 3873 1359 3944 ΜΘ

178 3963 256 4030 pate,
272 3977 344 4028 quae
356 3960 404 4030 qui
418 3957 554 4014 infitiatus
565 3958 743 4030 esset,dupli
789 3941 993 4014 velandam&
1025 3944 1075 3998 del
1107 3945 1241 4000 ΛΜΗ
1274 3945 1357 4011 (anch

178 4045 297 4099 poenam
335 4031 454 4098 sublret,
487 4047 505 4086 a
537 4029 742 4099 iurisconsultis
789 4015 861 4096 ΜΡ
891 4015 946 4070 (ἷθῑ
979 4014 1183 4071 enifemlflsslffl
1216 4014 1358 4080 Punkt-en)

178 4100 263 4155 etlam
283 4104 439 4158 reticentiae
461 4118 554 4172 poena
577 4105 622 4158 est
641 4102 742 4158 consti·
789 4087 939 4157 gewilieb
1255 4121 1257 4123 ·

178 4175 248 4226 tuta.
262 4169 418 4251 'Quidquid
439 4175 512 4229 enlm
528 4177 602 4230 esset
615 4174 646 4230 iu
662 4191 742 4246 prae·
824 4179 922 4248 reecpit
937 4176 1023 4232 nahra
1038 4175 1085 4233 dle
1104 4176 1189 4245 (belm
1202 4177 1280 4232 llant‘
1285 4194 1357 4248 ganz

179 4239 226 4296 dio
242 4242 317 4313 vitii,
337 4245 367 4298 ud
382 4248 554 4308 statuerunt,
574 4245 598 4300 si
613 4245 743 4302 venditor
788 4247 996 4319 gewdhnliehe)
1009 4247 1065 4306 Ver
1088 4248 1226 4323 fliebtung
1240 4249 1354 4316 (Garan-

178 4310 276 4380 seiret,
290 4314 345 4397 nisi
359 4316 526 4372 nominatim
541 4316 649 4373 dietum
659 4325 742 4384 esset,
789 4319 840 4391 tie)
865 4320 894 4374 in
918 4321 973 4376 den
997 4267 1185 4393 Kaudertrug
1204 4321 1264 4389 auf,
1289 4323 1358 4378 uber

177 4387 317 4510 praestan
333 4390 465 4459 =oportere
484 4385 592 4458 (dafdr
610 4388 678 4445 mun
694 4391 743 4446 dar
790 4391 835 4446 die
883 4391 1154 4449 Liebtverhdltnisse
1191 4391 1357 4465 (Aussieht').

204 4455 335 4514 srk'aufer
349 4457 495 4514 einstelren
510 4461 579 4515 oder
593 4463 644 4534 gut
653 4457 742 4526 sein'3
792 4463 842 4518 wie
862 4463 902 4518 sie
923 4481 971 4519 zur
996 4463 1125 4521 Ksufzeit
1148 4466 1230 4536 (tum)
1255 4470 1357 4522 waren.
