<?xml version="1.0" encoding="UTF-8"?>
<!DOCTYPE html PUBLIC "-//W3C//DTD XHTML 1.0 Transitional//EN"
    "http://www.w3.org/TR/xhtml1/DTD/xhtml1-transitional.dtd">
<html xmlns="http://www.w3.org/1999/xhtml" xml:lang="en" lang="en">
 <head>
  <title>
</title>
<meta http-equiv="Content-Type" content="text/html;charset=utf-8" />
  <meta name='ocr-system' content='tesseract 3.04.00' />
  <meta name='ocr-capabilities' content='ocr_page ocr_carea ocr_par ocr_line ocrx_word'/>
</head>
<body>
  <div class='ocr_page' id='page_1' title='image "./deoratore04cicegoog_0156.png"; bbox 0 0 3054 4878; ppageno 0'>
   <div class='ocr_carea' id='block_1_1' title="bbox 205 245 1096 350">
    <p class='ocr_par' dir='ltr' id='par_1_1' title="bbox 205 245 1096 350">
     <span class='ocr_line' id='line_1_1' title="bbox 205 245 1096 350; baseline 0.004 -30"><span class='ocrx_word' id='word_1_1' title='bbox 205 270 268 338; x_wconf 72' lang='lat'><strong>136</strong></span> <span class='ocrx_word' id='word_1_2' title='bbox 494 261 543 322; x_wconf 86' lang='lat' dir='ltr'><strong>DE</strong></span> <span class='ocrx_word' id='word_1_3' title='bbox 555 265 736 350; x_wconf 68' lang='grc' dir='ltr'><strong>ΙΟΒᾹΊΊΟΒΕ</strong></span> <span class='ocrx_word' id='word_1_4' title='bbox 755 269 767 324; x_wconf 91' lang='lat'><em>1</em></span> <span class='ocrx_word' id='word_1_5' title='bbox 787 275 830 340; x_wconf 79' lang='lat'><strong>³0,</strong></span> <span class='ocrx_word' id='word_1_6' title='bbox 846 283 893 327; x_wconf 80' lang='lat' dir='ltr'><strong>rra</strong></span> <span class='ocrx_word' id='word_1_7' title='bbox 913 275 957 339; x_wconf 83' lang='lat'><strong>81,</strong></span> <span class='ocrx_word' id='word_1_8' title='bbox 972 245 1096 328; x_wconf 79' lang='grc' dir='ltr'><strong>ιιι-ιιι.</strong></span> 
     </span>
    </p>
   </div>
   <div class='ocr_carea' id='block_1_2' title="bbox 75 428 1430 2138">
    <p class='ocr_par' dir='ltr' id='par_1_2' title="bbox 75 428 1430 2138">
     <span class='ocr_line' id='line_1_2' title="bbox 131 428 1384 521; baseline 0.008 -27"><span class='ocrx_word' id='word_1_9' title='bbox 131 442 182 495; x_wconf 78' lang='lat' dir='ltr'><strong>ree</strong></span> <span class='ocrx_word' id='word_1_10' title='bbox 291 428 375 497; x_wconf 75' lang='lat' dir='ltr'><strong>&#39;l&#39;um</strong></span> <span class='ocrx_word' id='word_1_11' title='bbox 400 429 583 500; x_wconf 81' lang='lat' dir='ltr'><strong>Sonrrorue:</strong></span> <span class='ocrx_word' id='word_1_12' title='bbox 611 432 639 500; x_wconf 92' lang='lat'>0</span> <span class='ocrx_word' id='word_1_13' title='bbox 664 431 764 520; x_wconf 89' lang='lat' dir='ltr'><strong>diem,</strong></span> <span class='ocrx_word' id='word_1_14' title='bbox 793 430 905 519; x_wconf 80' lang='lat' dir='ltr'><strong>Gutta,</strong></span> <span class='ocrx_word' id='word_1_15' title='bbox 932 433 1042 520; x_wconf 85' lang='lat' dir='ltr'><strong>nobis,</strong></span> <span class='ocrx_word' id='word_1_16' title='bbox 1070 434 1192 521; x_wconf 88' lang='lat' dir='ltr'><strong>inquit,</strong></span> <span class='ocrx_word' id='word_1_17' title='bbox 1219 439 1384 521; x_wconf 85' lang='lat' dir='ltr'><strong>optatuml</strong></span> 
     </span>
     <span class='ocr_line' id='line_1_3' title="bbox 202 515 1417 612; baseline 0.001 -24"><span class='ocrx_word' id='word_1_18' title='bbox 202 515 297 600; x_wconf 76' lang='lat' dir='ltr'><strong>Quod</strong></span> <span class='ocrx_word' id='word_1_19' title='bbox 320 521 407 589; x_wconf 88' lang='lat' dir='ltr'><strong>euim</strong></span> <span class='ocrx_word' id='word_1_20' title='bbox 430 545 536 608; x_wconf 87' lang='lat' dir='ltr'><strong>neque</strong></span> <span class='ocrx_word' id='word_1_21' title='bbox 557 523 709 608; x_wconf 80' lang='lat' dir='ltr'><strong>precibus</strong></span> <span class='ocrx_word' id='word_1_22' title='bbox 731 537 888 610; x_wconf 85' lang='lat' dir='ltr'><strong>umquam</strong></span> <span class='ocrx_word' id='word_1_23' title='bbox 906 523 1171 590; x_wconf 87' lang='lat' dir='ltr'><strong>nee-insidiando</strong></span> <span class='ocrx_word' id='word_1_24' title='bbox 1191 546 1252 609; x_wconf 85' lang='lat' dir='ltr'><strong>nee</strong></span> <span class='ocrx_word' id='word_1_25' title='bbox 1271 547 1383 612; x_wconf 81' lang='lat' dir='ltr'><strong>epeeu·</strong></span> <span class='ocrx_word' id='word_1_26' title='bbox 1403 547 1417 589; x_wconf 88' lang='grc' dir='ltr'><strong>ι</strong></span> 
     </span>
     <span class='ocr_line' id='line_1_4' title="bbox 201 608 1417 701; baseline 0.002 -24"><span class='ocrx_word' id='word_1_27' title='bbox 201 608 301 677; x_wconf 87' lang='lat' dir='ltr'><strong>leudo</strong></span> <span class='ocrx_word' id='word_1_28' title='bbox 324 611 459 700; x_wconf 87' lang='lat' dir='ltr'><strong>adeequi</strong></span> <span class='ocrx_word' id='word_1_29' title='bbox 488 613 597 698; x_wconf 91' lang='lat' dir='ltr'><strong>potui,</strong></span> <span class='ocrx_word' id='word_1_30' title='bbox 627 617 674 698; x_wconf 90' lang='lat' dir='ltr'><strong>ut,</strong></span> <span class='ocrx_word' id='word_1_31' title='bbox 702 611 781 700; x_wconf 88' lang='lat' dir='ltr'><strong>quid</strong></span> <span class='ocrx_word' id='word_1_32' title='bbox 811 610 950 680; x_wconf 75' lang='lat' dir='ltr'>Crassus</span> <span class='ocrx_word' id='word_1_33' title='bbox 979 617 1092 701; x_wconf 85' lang='lat' dir='ltr'><strong>ageret</strong></span> <span class='ocrx_word' id='word_1_34' title='bbox 1119 613 1299 682; x_wconf 85' lang='lat' dir='ltr'><strong>meditandi</strong></span> <span class='ocrx_word' id='word_1_35' title='bbox 1327 619 1417 684; x_wconf 80' lang='lat' dir='ltr'><strong>aute</strong></span> 
     </span>
     <span class='ocr_line' id='line_1_5' title="bbox 202 698 1417 792; baseline 0.002 -26"><span class='ocrx_word' id='word_1_36' title='bbox 202 698 339 766; x_wconf 79' lang='lat' dir='ltr'><strong>dicendi</strong></span> <span class='ocrx_word' id='word_1_37' title='bbox 353 722 468 786; x_wconf 78' lang='lat' dir='ltr'><strong>neure,</strong></span> <span class='ocrx_word' id='word_1_38' title='bbox 495 723 559 767; x_wconf 90' lang='lat' dir='ltr'><strong>uon</strong></span> <span class='ocrx_word' id='word_1_39' title='bbox 590 702 687 768; x_wconf 89' lang='lat' dir='ltr'><strong>modo</strong></span> <span class='ocrx_word' id='word_1_40' title='bbox 710 701 821 770; x_wconf 82' lang='lat' dir='ltr'><strong>ridere</strong></span> <span class='ocrx_word' id='word_1_41' title='bbox 850 702 946 788; x_wconf 88' lang='lat' dir='ltr'><strong>mihi,</strong></span> <span class='ocrx_word' id='word_1_42' title='bbox 973 701 1031 769; x_wconf 79' lang='lat' dir='ltr'><strong>red</strong></span> <span class='ocrx_word' id='word_1_43' title='bbox 1059 725 1098 770; x_wconf 86' lang='lat' dir='ltr'><strong>ex</strong></span> <span class='ocrx_word' id='word_1_44' title='bbox 1126 702 1196 771; x_wconf 79' lang='lat' dir='ltr'><strong>eine</strong></span> <span class='ocrx_word' id='word_1_45' title='bbox 1225 705 1417 792; x_wconf 74' lang='lat' dir='ltr'><strong>scriptorer</strong></span> 
     </span>
     <span class='ocr_line' id='line_1_6' title="bbox 202 789 1414 882; baseline 0.003 -24"><span class='ocrx_word' id='word_1_46' title='bbox 202 793 236 859; x_wconf 89' lang='lat' dir='ltr'><strong>et</strong></span> <span class='ocrx_word' id='word_1_47' title='bbox 258 789 382 857; x_wconf 82' lang='lat' dir='ltr'><strong>lentore</strong></span> <span class='ocrx_word' id='word_1_48' title='bbox 405 789 541 876; x_wconf 83' lang='lat' dir='ltr'><strong>Diphilo</strong></span> <span class='ocrx_word' id='word_1_49' title='bbox 565 789 727 880; x_wconf 79' lang='lat' dir='ltr'><strong>auspicari</strong></span> <span class='ocrx_word' id='word_1_50' title='bbox 749 790 877 878; x_wconf 84' lang='lat' dir='ltr'><strong>liceret,</strong></span> <span class='ocrx_word' id='word_1_51' title='bbox 900 791 933 858; x_wconf 94' lang='lat' dir='ltr'><strong>id</strong></span> <span class='ocrx_word' id='word_1_52' title='bbox 956 813 1052 879; x_wconf 84' lang='lat' dir='ltr'><strong>spero</strong></span> <span class='ocrx_word' id='word_1_53' title='bbox 1076 815 1137 860; x_wconf 83' lang='lat' dir='ltr'><strong>uos</strong></span> <span class='ocrx_word' id='word_1_54' title='bbox 1157 814 1237 860; x_wconf 80' lang='lat' dir='ltr'><strong>ese</strong></span> <span class='ocrx_word' id='word_1_55' title='bbox 1246 793 1383 882; x_wconf 78' lang='lat' dir='ltr'><strong>adeptos</strong></span> <span class='ocrx_word' id='word_1_56' title='bbox 1412 811 1414 814; x_wconf 84' lang='grc'><strong><em>·</em></strong></span> 
     </span>
     <span class='ocr_line' id='line_1_7' title="bbox 202 877 1234 970; baseline 0.005 -24"><span class='ocrx_word' id='word_1_57' title='bbox 202 877 376 966; x_wconf 81' lang='lat' dir='ltr'><strong>omniaque</strong></span> <span class='ocrx_word' id='word_1_58' title='bbox 399 881 466 946; x_wconf 87' lang='lat' dir='ltr'><strong>iem</strong></span> <span class='ocrx_word' id='word_1_59' title='bbox 489 903 529 948; x_wconf 82' lang='lat' dir='ltr'><strong>ex</strong></span> <span class='ocrx_word' id='word_1_60' title='bbox 552 880 640 967; x_wconf 78' lang='lat' dir='ltr'><strong>ipso,</strong></span> <span class='ocrx_word' id='word_1_61' title='bbox 662 902 746 969; x_wconf 83' lang='lat' dir='ltr'><strong>quae</strong></span> <span class='ocrx_word' id='word_1_62' title='bbox 764 879 825 947; x_wconf 85' lang='lat' dir='ltr'><strong>diu</strong></span> <span class='ocrx_word' id='word_1_63' title='bbox 848 883 1010 970; x_wconf 84' lang='lat' dir='ltr'><strong>cupimus,</strong></span> <span class='ocrx_word' id='word_1_64' title='bbox 1033 882 1234 968; x_wconf 76' lang='lat' dir='ltr'><strong>cognituros.</strong></span> 
     </span>
     <span class='ocr_line' id='line_1_8' title="bbox 77 967 1416 1060; baseline 0.007 -28"><span class='ocrx_word' id='word_1_65' title='bbox 77 973 182 1032; x_wconf 71' lang='lat'>81187</span> <span class='ocrx_word' id='word_1_66' title='bbox 227 999 229 1007; x_wconf 91' lang='grc'><strong><em>·</em></strong></span> <span class='ocrx_word' id='word_1_67' title='bbox 292 967 376 1036; x_wconf 80' lang='lat' dir='ltr'><strong>Tum</strong></span> <span class='ocrx_word' id='word_1_68' title='bbox 400 968 551 1038; x_wconf 71' lang='lat' dir='ltr'><strong>Carenis:</strong></span> <span class='ocrx_word' id='word_1_69' title='bbox 574 970 679 1058; x_wconf 83' lang='lat' dir='ltr'><strong>Atqui</strong></span> <span class='ocrx_word' id='word_1_70' title='bbox 702 971 857 1055; x_wconf 82' lang='lat' dir='ltr'><strong>arbitror,</strong></span> <span class='ocrx_word' id='word_1_71' title='bbox 882 970 1020 1058; x_wconf 74' lang='lat' dir='ltr'><strong>Sulpici,</strong></span> <span class='ocrx_word' id='word_1_72' title='bbox 1043 992 1116 1038; x_wconf 87' lang='lat' dir='ltr'><strong>eum</strong></span> <span class='ocrx_word' id='word_1_73' title='bbox 1137 971 1295 1060; x_wconf 75' lang='lat' dir='ltr'><strong>audieris,</strong></span> <span class='ocrx_word' id='word_1_74' title='bbox 1317 993 1416 1042; x_wconf 84' lang='lat' dir='ltr'><strong>uonr</strong></span> 
     </span>
     <span class='ocr_line' id='line_1_9' title="bbox 202 1057 1384 1149; baseline 0.003 -25"><span class='ocrx_word' id='word_1_75' title='bbox 202 1061 271 1124; x_wconf 80' lang='lat' dir='ltr'><strong>tem</strong></span> <span class='ocrx_word' id='word_1_76' title='bbox 294 1063 329 1126; x_wconf 86' lang='lat' dir='ltr'><strong>te</strong></span> <span class='ocrx_word' id='word_1_77' title='bbox 352 1057 433 1125; x_wconf 87' lang='lat' dir='ltr'><strong>haee</strong></span> <span class='ocrx_word' id='word_1_78' title='bbox 456 1057 707 1147; x_wconf 79' lang='lat' dir='ltr'><strong>admiratorem,</strong></span> <span class='ocrx_word' id='word_1_79' title='bbox 730 1083 813 1149; x_wconf 90' lang='lat' dir='ltr'><strong>quae</strong></span> <span class='ocrx_word' id='word_1_80' title='bbox 836 1061 964 1147; x_wconf 78' lang='lat' dir='ltr'><strong>dixero,</strong></span> <span class='ocrx_word' id='word_1_81' title='bbox 992 1083 1091 1148; x_wconf 85' lang='lat' dir='ltr'><strong>quam</strong></span> <span class='ocrx_word' id='word_1_82' title='bbox 1120 1062 1384 1132; x_wconf 73' lang='lat' dir='ltr'><strong>existimaturum</strong></span> 
     </span>
     <span class='ocr_line' id='line_1_10' title="bbox 75 1151 1383 1238; baseline 0.004 -25"><span class='ocrx_word' id='word_1_83' title='bbox 75 1215 78 1221; x_wconf 75' lang='grc'><strong>,</strong></span> <span class='ocrx_word' id='word_1_84' title='bbox 202 1151 290 1234; x_wconf 89' lang='lat' dir='ltr'><strong>tum,</strong></span> <span class='ocrx_word' id='word_1_85' title='bbox 312 1171 385 1216; x_wconf 87' lang='lat' dir='ltr'><strong>oum</strong></span> <span class='ocrx_word' id='word_1_86' title='bbox 410 1171 448 1216; x_wconf 89' lang='lat' dir='ltr'><strong>ea</strong></span> <span class='ocrx_word' id='word_1_87' title='bbox 471 1151 585 1217; x_wconf 86' lang='lat' dir='ltr'><strong>audire</strong></span> <span class='ocrx_word' id='word_1_88' title='bbox 607 1151 776 1237; x_wconf 75' lang='lat' dir='ltr'><strong>cupiebas,</strong></span> <span class='ocrx_word' id='word_1_89' title='bbox 800 1171 931 1217; x_wconf 82' lang='lat' dir='ltr'><strong>oausam</strong></span> <span class='ocrx_word' id='word_1_90' title='bbox 956 1171 1013 1218; x_wconf 87' lang='lat' dir='ltr'><strong>eur</strong></span> <span class='ocrx_word' id='word_1_91' title='bbox 1036 1172 1171 1238; x_wconf 82' lang='lat' dir='ltr'><strong>cuperes</strong></span> <span class='ocrx_word' id='word_1_92' title='bbox 1190 1152 1383 1220; x_wconf 73' lang='lat' dir='ltr'><strong>nonfuiese.</strong></span> 
     </span>
     <span class='ocr_line' id='line_1_11' title="bbox 201 1236 1382 1328; baseline 0.004 -23"><span class='ocrx_word' id='word_1_93' title='bbox 201 1236 297 1305; x_wconf 89' lang='lat' dir='ltr'><strong>Nihil</strong></span> <span class='ocrx_word' id='word_1_94' title='bbox 321 1237 408 1306; x_wconf 88' lang='lat' dir='ltr'><strong>euim</strong></span> <span class='ocrx_word' id='word_1_95' title='bbox 435 1237 541 1307; x_wconf 83' lang='lat' dir='ltr'><strong>dicam</strong></span> <span class='ocrx_word' id='word_1_96' title='bbox 569 1239 793 1326; x_wconf 74' lang='lat' dir='ltr'><strong>reconditum,</strong></span> <span class='ocrx_word' id='word_1_97' title='bbox 814 1240 901 1307; x_wconf 87' lang='lat' dir='ltr'><strong>nihil</strong></span> <span class='ocrx_word' id='word_1_98' title='bbox 925 1240 1170 1328; x_wconf 76' lang='lat' dir='ltr'><strong>exspectatione</strong></span> <span class='ocrx_word' id='word_1_99' title='bbox 1197 1250 1309 1311; x_wconf 73' lang='lat' dir='ltr'><strong>vestra</strong></span> <span class='ocrx_word' id='word_1_100' title='bbox 1334 1241 1382 1310; x_wconf 89' lang='lat' dir='ltr'><strong>di·</strong></span> 
     </span>
     <span class='ocr_line' id='line_1_12' title="bbox 202 1327 1383 1418; baseline 0.004 -24"><span class='ocrx_word' id='word_1_101' title='bbox 202 1347 321 1414; x_wconf 88' lang='lat' dir='ltr'><strong>gnum,</strong></span> <span class='ocrx_word' id='word_1_102' title='bbox 342 1327 427 1395; x_wconf 84' lang='lat' dir='ltr'><strong>nibil</strong></span> <span class='ocrx_word' id='word_1_103' title='bbox 440 1333 508 1396; x_wconf 87' lang='lat' dir='ltr'><strong>aut</strong></span> <span class='ocrx_word' id='word_1_104' title='bbox 535 1329 718 1398; x_wconf 87' lang='lat' dir='ltr'><strong>inauditum</strong></span> <span class='ocrx_word' id='word_1_105' title='bbox 749 1330 843 1396; x_wconf 83' lang='lat' dir='ltr'><strong>vobis</strong></span> <span class='ocrx_word' id='word_1_106' title='bbox 857 1331 925 1403; x_wconf 70' lang='lat' dir='ltr'><strong>„aut</strong></span> <span class='ocrx_word' id='word_1_107' title='bbox 946 1330 1252 1418; x_wconf 85' lang='lat' dir='ltr'><strong>uniquam-nerum.</strong></span> <span class='ocrx_word' id='word_1_108' title='bbox 1298 1328 1383 1399; x_wconf 76' lang='lat' dir='ltr'><strong>Nem</strong></span> 
     </span>
     <span class='ocr_line' id='line_1_13' title="bbox 202 1415 1383 1510; baseline 0.006 -27"><span class='ocrx_word' id='word_1_109' title='bbox 202 1415 379 1506; x_wconf 74' lang='lat' dir='ltr'><strong>principio,</strong></span> <span class='ocrx_word' id='word_1_110' title='bbox 401 1417 436 1484; x_wconf 88' lang='lat' dir='ltr'><strong>id</strong></span> <span class='ocrx_word' id='word_1_111' title='bbox 456 1418 547 1506; x_wconf 78' lang='lat' dir='ltr'><strong>quod</strong></span> <span class='ocrx_word' id='word_1_112' title='bbox 570 1424 623 1486; x_wconf 86' lang='lat' dir='ltr'><strong>eet</strong></span> <span class='ocrx_word' id='word_1_113' title='bbox 645 1419 778 1486; x_wconf 85' lang='lat' dir='ltr'><strong>bomine</strong></span> <span class='ocrx_word' id='word_1_114' title='bbox 801 1419 943 1507; x_wconf 89' lang='lat' dir='ltr'><strong>ingenuo</strong></span> <span class='ocrx_word' id='word_1_115' title='bbox 971 1417 1218 1510; x_wconf 58' lang='lat' dir='ltr'><strong>liberaliterque</strong></span> <span class='ocrx_word' id='word_1_116' title='bbox 1246 1421 1383 1490; x_wconf 78' lang='lat' dir='ltr'><strong>edueeto</strong></span> 
     </span>
     <span class='ocr_line' id='line_1_14' title="bbox 201 1505 1429 1596; baseline 0.007 -24"><span class='ocrx_word' id='word_1_117' title='bbox 201 1505 354 1592; x_wconf 86' lang='lat' dir='ltr'><strong>dignum,</strong></span> <span class='ocrx_word' id='word_1_118' title='bbox 376 1528 443 1574; x_wconf 80' lang='lat' dir='ltr'><strong>nou</strong></span> <span class='ocrx_word' id='word_1_119' title='bbox 465 1509 596 1596; x_wconf 76' lang='lat' dir='ltr'><strong>negabo</strong></span> <span class='ocrx_word' id='word_1_120' title='bbox 619 1531 672 1576; x_wconf 84' lang='lat' dir='ltr'><strong>me</strong></span> <span class='ocrx_word' id='word_1_121' title='bbox 697 1511 764 1577; x_wconf 82' lang='lat' dir='ltr'><strong>ieta</strong></span> <span class='ocrx_word' id='word_1_122' title='bbox 792 1509 947 1577; x_wconf 80' lang='lat' dir='ltr'><strong>omnium.</strong></span> <span class='ocrx_word' id='word_1_123' title='bbox 966 1508 1153 1578; x_wconf 85' lang='lat' dir='ltr'><strong>eommunia</strong></span> <span class='ocrx_word' id='word_1_124' title='bbox 1180 1516 1215 1580; x_wconf 87' lang='lat' dir='ltr'><strong>et</strong></span> <span class='ocrx_word' id='word_1_125' title='bbox 1241 1511 1385 1579; x_wconf 68' lang='lat' dir='ltr'><strong>renuite</strong></span> <span class='ocrx_word' id='word_1_126' title='bbox 1402 1539 1429 1580; x_wconf 90' lang='grc' dir='ltr'><strong>ιι</strong></span> 
     </span>
     <span class='ocr_line' id='line_1_15' title="bbox 132 1596 1383 1686; baseline 0.006 -26"><span class='ocrx_word' id='word_1_127' title='bbox 132 1606 185 1660; x_wconf 78' lang='lat' dir='ltr'><strong>rar</strong></span> <span class='ocrx_word' id='word_1_128' title='bbox 203 1603 380 1684; x_wconf 78' lang='lat' dir='ltr'><strong>praerepta</strong></span> <span class='ocrx_word' id='word_1_129' title='bbox 406 1596 583 1666; x_wconf 76' lang='lat' dir='ltr'><strong>didioieeez·</strong></span> <span class='ocrx_word' id='word_1_130' title='bbox 597 1598 741 1686; x_wconf 77' lang='lat' dir='ltr'><strong>primum</strong></span> <span class='ocrx_word' id='word_1_131' title='bbox 769 1597 908 1668; x_wconf 78' lang='lat' dir='ltr'><strong>oratorie</strong></span> <span class='ocrx_word' id='word_1_132' title='bbox 932 1597 1080 1668; x_wconf 57' lang='lat' dir='ltr'><strong>voflioium</strong></span> <span class='ocrx_word' id='word_1_133' title='bbox 1108 1620 1181 1668; x_wconf 79' lang='lat' dir='ltr'><strong>esee</strong></span> <span class='ocrx_word' id='word_1_134' title='bbox 1209 1598 1317 1668; x_wconf 87' lang='lat' dir='ltr'><strong>dioere</strong></span> <span class='ocrx_word' id='word_1_135' title='bbox 1342 1601 1383 1668; x_wconf 90' lang='lat' dir='ltr'><strong>ad</strong></span> 
     </span>
     <span class='ocr_line' id='line_1_16' title="bbox 203 1685 1399 1774; baseline 0.004 -23"><span class='ocrx_word' id='word_1_136' title='bbox 203 1685 465 1772; x_wconf 82' lang='lat' dir='ltr'><strong>persuadendum</strong></span> <span class='ocrx_word' id='word_1_137' title='bbox 481 1688 739 1774; x_wconf 69' lang='lat' dir='ltr'><strong>accommodate,</strong></span> <span class='ocrx_word' id='word_1_138' title='bbox 757 1688 872 1755; x_wconf 87' lang='lat' dir='ltr'><strong>deiude</strong></span> <span class='ocrx_word' id='word_1_139' title='bbox 888 1709 960 1754; x_wconf 83' lang='lat' dir='ltr'><strong>esee</strong></span> <span class='ocrx_word' id='word_1_140' title='bbox 975 1710 1103 1756; x_wconf 89' lang='lat' dir='ltr'><strong>omnem</strong></span> <span class='ocrx_word' id='word_1_141' title='bbox 1123 1689 1308 1759; x_wconf 84' lang='lat' dir='ltr'><strong>orationem</strong></span> <span class='ocrx_word' id='word_1_142' title='bbox 1327 1699 1399 1756; x_wconf 86' lang='lat' dir='ltr'><strong>aut</strong></span> 
     </span>
     <span class='ocr_line' id='line_1_17' title="bbox 204 1775 1385 1866; baseline 0.003 -24"><span class='ocrx_word' id='word_1_143' title='bbox 204 1775 244 1842; x_wconf 89' lang='lat' dir='ltr'><strong>de</strong></span> <span class='ocrx_word' id='word_1_144' title='bbox 272 1776 421 1843; x_wconf 81' lang='lat' dir='ltr'><strong>infinitae</strong></span> <span class='ocrx_word' id='word_1_145' title='bbox 449 1779 497 1844; x_wconf 87' lang='lat' dir='ltr'><strong>rei</strong></span> <span class='ocrx_word' id='word_1_146' title='bbox 526 1778 717 1864; x_wconf 74' lang='lat' dir='ltr'><strong>quaestione</strong></span> <span class='ocrx_word' id='word_1_147' title='bbox 744 1777 816 1844; x_wconf 80' lang='lat' dir='ltr'><strong>eine</strong></span> <span class='ocrx_word' id='word_1_148' title='bbox 846 1777 1075 1864; x_wconf 74' lang='lat' dir='ltr'><strong>designatione</strong></span> <span class='ocrx_word' id='word_1_149' title='bbox 1106 1801 1318 1866; x_wconf 75' lang='lat' dir='ltr'><strong>personarum</strong></span> <span class='ocrx_word' id='word_1_150' title='bbox 1351 1785 1385 1848; x_wconf 89' lang='lat' dir='ltr'><strong>et</strong></span> 
     </span>
     <span class='ocr_line' id='line_1_18' title="bbox 203 1865 1383 1955; baseline 0.004 -23"><span class='ocrx_word' id='word_1_151' title='bbox 203 1869 389 1952; x_wconf 87' lang='lat' dir='ltr'><strong>temporum</strong></span> <span class='ocrx_word' id='word_1_152' title='bbox 413 1873 472 1934; x_wconf 85' lang='lat' dir='ltr'><strong>eut</strong></span> <span class='ocrx_word' id='word_1_153' title='bbox 495 1867 536 1933; x_wconf 86' lang='lat' dir='ltr'><strong>de</strong></span> <span class='ocrx_word' id='word_1_154' title='bbox 557 1891 593 1934; x_wconf 88' lang='lat' dir='ltr'><strong>re</strong></span> <span class='ocrx_word' id='word_1_155' title='bbox 615 1866 716 1935; x_wconf 82' lang='lat' dir='ltr'><strong>certio</strong></span> <span class='ocrx_word' id='word_1_156' title='bbox 738 1865 773 1934; x_wconf 90' lang='lat' dir='ltr'><strong>iu</strong></span> <span class='ocrx_word' id='word_1_157' title='bbox 796 1867 945 1954; x_wconf 78' lang='lat' dir='ltr'><strong>personis</strong></span> <span class='ocrx_word' id='word_1_158' title='bbox 969 1890 1007 1935; x_wconf 88' lang='lat' dir='ltr'><strong>ao</strong></span> <span class='ocrx_word' id='word_1_159' title='bbox 1035 1869 1238 1955; x_wconf 80' lang='lat' dir='ltr'><strong>temporibus</strong></span> <span class='ocrx_word' id='word_1_160' title='bbox 1267 1871 1383 1938; x_wconf 85' lang='lat' dir='ltr'><strong>loeata</strong></span> 
     </span>
     <span class='ocr_line' id='line_1_19' title="bbox 136 1955 1429 2047; baseline 0.01 -29"><span class='ocrx_word' id='word_1_161' title='bbox 136 1967 186 2018; x_wconf 77' lang='lat' dir='ltr'><strong>rae</strong></span> <span class='ocrx_word' id='word_1_162' title='bbox 205 1955 244 2024; x_wconf 90' lang='lat' dir='ltr'><strong>In</strong></span> <span class='ocrx_word' id='word_1_163' title='bbox 265 1957 407 2042; x_wconf 61' lang='lat' dir='ltr'><strong>&#39;utraque</strong></span> <span class='ocrx_word' id='word_1_164' title='bbox 431 1960 541 2024; x_wconf 86' lang='lat' dir='ltr'><strong>autem</strong></span> <span class='ocrx_word' id='word_1_165' title='bbox 563 1980 599 2024; x_wconf 89' lang='lat' dir='ltr'><strong>re</strong></span> <span class='ocrx_word' id='word_1_166' title='bbox 622 1957 780 2046; x_wconf 78' lang='lat' dir='ltr'><strong>quidquid</strong></span> <span class='ocrx_word' id='word_1_167' title='bbox 803 1959 836 2024; x_wconf 92' lang='lat' dir='ltr'><strong>in</strong></span> <span class='ocrx_word' id='word_1_168' title='bbox 861 1958 1117 2026; x_wconf 82' lang='lat' dir='ltr'><strong>oontrovereiam</strong></span> <span class='ocrx_word' id='word_1_169' title='bbox 1142 1958 1265 2047; x_wconf 84' lang='lat' dir='ltr'><strong>ueniat,</strong></span> <span class='ocrx_word' id='word_1_170' title='bbox 1288 1961 1322 2027; x_wconf 89' lang='lat' dir='ltr'><strong>iu</strong></span> <span class='ocrx_word' id='word_1_171' title='bbox 1345 1981 1383 2027; x_wconf 88' lang='lat' dir='ltr'><strong>eu</strong></span> <span class='ocrx_word' id='word_1_172' title='bbox 1403 1987 1429 2031; x_wconf 80' lang='grc' dir='ltr'><strong>ιι</strong></span> 
     </span>
     <span class='ocr_line' id='line_1_20' title="bbox 202 2045 1430 2138; baseline 0.011 -30"><span class='ocrx_word' id='word_1_173' title='bbox 202 2046 318 2132; x_wconf 80' lang='lat' dir='ltr'><strong>quaeri</strong></span> <span class='ocrx_word' id='word_1_174' title='bbox 341 2045 444 2114; x_wconf 76' lang='lat' dir='ltr'><strong>solere</strong></span> <span class='ocrx_word' id='word_1_175' title='bbox 468 2051 527 2114; x_wconf 87' lang='lat' dir='ltr'><strong>aut</strong></span> <span class='ocrx_word' id='word_1_176' title='bbox 549 2046 715 2116; x_wconf 77' lang='lat' dir='ltr'><strong>factumne</strong></span> <span class='ocrx_word' id='word_1_177' title='bbox 738 2048 796 2134; x_wconf 83' lang='lat' dir='ltr'><strong>eit,</strong></span> <span class='ocrx_word' id='word_1_178' title='bbox 819 2055 892 2134; x_wconf 83' lang='lat' dir='ltr'><strong>aut,</strong></span> <span class='ocrx_word' id='word_1_179' title='bbox 914 2048 942 2114; x_wconf 81' lang='lat' dir='ltr'><strong>ni</strong></span> <span class='ocrx_word' id='word_1_180' title='bbox 966 2056 1018 2115; x_wconf 85' lang='lat' dir='ltr'><strong>est</strong></span> <span class='ocrx_word' id='word_1_181' title='bbox 1041 2048 1179 2138; x_wconf 84' lang='lat' dir='ltr'><strong>factum,</strong></span> <span class='ocrx_word' id='word_1_182' title='bbox 1206 2050 1304 2138; x_wconf 86' lang='lat' dir='ltr'><strong>quale</strong></span> <span class='ocrx_word' id='word_1_183' title='bbox 1330 2051 1384 2137; x_wconf 83' lang='lat' dir='ltr'><strong>eit,</strong></span> <span class='ocrx_word' id='word_1_184' title='bbox 1404 2079 1430 2121; x_wconf 83' lang='lat' dir='ltr'><strong>n</strong></span> 
     </span>
    </p>
   </div>
   <div class='ocr_carea' id='block_1_3' title="bbox 130 2257 1386 4127">
    <p class='ocr_par' dir='ltr' id='par_1_3' title="bbox 130 2257 1386 4127">
     <span class='ocr_line' id='line_1_21' title="bbox 211 2257 1384 2332; baseline 0 -14"><span class='ocrx_word' id='word_1_185' title='bbox 211 2263 268 2318; x_wconf 65' lang='grc'><strong>,9.</strong></span> <span class='ocrx_word' id='word_1_186' title='bbox 290 2257 466 2327; x_wconf 65' lang='lat' dir='ltr'><strong>emmanue,</strong></span> <span class='ocrx_word' id='word_1_187' title='bbox 492 2259 592 2316; x_wconf 79' lang='lat' dir='ltr'><strong>eobani</strong></span> <span class='ocrx_word' id='word_1_188' title='bbox 612 2257 772 2332; x_wconf 75' lang='lat' dir='ltr'><strong>auspeneen,</strong></span> <span class='ocrx_word' id='word_1_189' title='bbox 819 2261 863 2316; x_wconf 79' lang='lat' dir='ltr'><strong>tae</strong></span> <span class='ocrx_word' id='word_1_190' title='bbox 891 2257 952 2317; x_wconf 81' lang='lat' dir='ltr'><strong>rias</strong></span> <span class='ocrx_word' id='word_1_191' title='bbox 980 2257 1160 2330; x_wconf 70' lang='lat' dir='ltr'><strong>indagemus,</strong></span> <span class='ocrx_word' id='word_1_192' title='bbox 1186 2262 1270 2320; x_wconf 78' lang='lat' dir='ltr'><strong>tritor</strong></span> <span class='ocrx_word' id='word_1_193' title='bbox 1299 2261 1384 2320; x_wconf 87' lang='lat' dir='ltr'><strong>relin-</strong></span> 
     </span>
     <span class='ocr_line' id='line_1_22' title="bbox 205 2327 946 2403; baseline 0.003 -17"><span class='ocrx_word' id='word_1_194' title='bbox 205 2327 362 2386; x_wconf 79' lang='lat' dir='ltr'><strong>russaueru.</strong></span> <span class='ocrx_word' id='word_1_195' title='bbox 410 2329 516 2388; x_wconf 77' lang='lat' dir='ltr'><strong>On-rro</strong></span> <span class='ocrx_word' id='word_1_196' title='bbox 546 2347 605 2386; x_wconf 88' lang='lat' dir='ltr'><strong>non</strong></span> <span class='ocrx_word' id='word_1_197' title='bbox 636 2329 711 2388; x_wconf 84' lang='lat' dir='ltr'><strong>enim</strong></span> <span class='ocrx_word' id='word_1_198' title='bbox 742 2329 773 2387; x_wconf 85' lang='lat' dir='ltr'><strong>id</strong></span> <span class='ocrx_word' id='word_1_199' title='bbox 819 2347 946 2403; x_wconf 82' lang='lat' dir='ltr'><strong>quamue.</strong></span> 
     </span>
     <span class='ocr_line' id='line_1_23' title="bbox 204 2399 1384 2475; baseline 0.002 -16"><span class='ocrx_word' id='word_1_200' title='bbox 204 2399 282 2472; x_wconf 73' lang='lat' dir='ltr'><strong>agit,</strong></span> <span class='ocrx_word' id='word_1_201' title='bbox 301 2405 334 2457; x_wconf 86' lang='lat' dir='ltr'><strong>ut</strong></span> <span class='ocrx_word' id='word_1_202' title='bbox 350 2400 503 2458; x_wconf 78' lang='lat' dir='ltr'><strong>insidietur</strong></span> <span class='ocrx_word' id='word_1_203' title='bbox 520 2405 551 2460; x_wconf 82' lang='lat' dir='ltr'><strong>et</strong></span> <span class='ocrx_word' id='word_1_204' title='bbox 569 2401 711 2459; x_wconf 74' lang='lat' dir='ltr'><strong>observet.</strong></span> <span class='ocrx_word' id='word_1_205' title='bbox 856 2409 898 2463; x_wconf 79' lang='lat'><strong>18.</strong></span> <span class='ocrx_word' id='word_1_206' title='bbox 925 2404 964 2462; x_wconf 79' lang='lat' dir='ltr'><strong>In</strong></span> <span class='ocrx_word' id='word_1_207' title='bbox 995 2409 1043 2461; x_wconf 79' lang='lat' dir='ltr'><strong>retr</strong></span> <span class='ocrx_word' id='word_1_208' title='bbox 1143 2419 1185 2475; x_wconf 80' lang='lat' dir='ltr'><strong>re,</strong></span> <span class='ocrx_word' id='word_1_209' title='bbox 1217 2402 1248 2462; x_wconf 86' lang='lat' dir='ltr'><strong>iu</strong></span> <span class='ocrx_word' id='word_1_210' title='bbox 1279 2404 1384 2462; x_wconf 82' lang='lat' dir='ltr'><strong>beiden</strong></span> 
     </span>
     <span class='ocr_line' id='line_1_24' title="bbox 206 2473 1385 2550; baseline 0.003 -21"><span class='ocrx_word' id='word_1_211' title='bbox 206 2508 208 2514; x_wconf 21' lang='grc' dir='ltr'><strong><em>π</em></strong></span> <span class='ocrx_word' id='word_1_212' title='bbox 242 2477 266 2529; x_wconf 77' lang='lat' dir='ltr'><strong>t.</strong></span> <span class='ocrx_word' id='word_1_213' title='bbox 292 2473 447 2532; x_wconf 74' lang='lat' dir='ltr'><strong>meditandi</strong></span> <span class='ocrx_word' id='word_1_214' title='bbox 467 2478 518 2531; x_wconf 81' lang='lat' dir='ltr'><strong>aut</strong></span> <span class='ocrx_word' id='word_1_215' title='bbox 544 2475 655 2532; x_wconf 76' lang='lat' dir='ltr'><strong>dicendi</strong></span> <span class='ocrx_word' id='word_1_216' title='bbox 678 2489 773 2532; x_wconf 69' lang='lat' dir='ltr'><strong>eum.</strong></span> <span class='ocrx_word' id='word_1_217' title='bbox 817 2474 926 2534; x_wconf 72' lang='lat' dir='ltr'><strong>Fblleu.</strong></span> <span class='ocrx_word' id='word_1_218' title='bbox 972 2493 1000 2548; x_wconf 85' lang='lat' dir='ltr'><strong>p.</strong></span> <span class='ocrx_word' id='word_1_219' title='bbox 1024 2475 1084 2532; x_wconf 81' lang='lat' dir='ltr'><strong>lli.</strong></span> <span class='ocrx_word' id='word_1_220' title='bbox 1103 2483 1128 2547; x_wconf 80' lang='grc'><strong>3,</strong></span> <span class='ocrx_word' id='word_1_221' title='bbox 1148 2493 1161 2535; x_wconf 82' lang='grc' dir='ltr'><strong>ι</strong></span> <span class='ocrx_word' id='word_1_222' title='bbox 1183 2492 1224 2534; x_wconf 81' lang='lat' dir='ltr'><strong>an</strong></span> <span class='ocrx_word' id='word_1_223' title='bbox 1246 2480 1292 2534; x_wconf 82' lang='lat' dir='ltr'><strong>eet</strong></span> <span class='ocrx_word' id='word_1_224' title='bbox 1309 2477 1385 2550; x_wconf 79' lang='lat' dir='ltr'><strong>qnin-</strong></span> 
     </span>
     <span class='ocr_line' id='line_1_25' title="bbox 204 2543 1385 2620; baseline 0.003 -18"><span class='ocrx_word' id='word_1_225' title='bbox 204 2543 284 2615; x_wconf 83' lang='lat' dir='ltr'><strong>Brut.</strong></span> <span class='ocrx_word' id='word_1_226' title='bbox 302 2561 343 2605; x_wconf 79' lang='lat' dir='ltr'><strong>roe</strong></span> <span class='ocrx_word' id='word_1_227' title='bbox 375 2545 484 2602; x_wconf 89' lang='lat' dir='ltr'><strong>nullum</strong></span> <span class='ocrx_word' id='word_1_228' title='bbox 516 2544 681 2618; x_wconf 69' lang='lat' dir='ltr'><strong>ponebatur</strong></span> <span class='ocrx_word' id='word_1_229' title='bbox 711 2561 773 2602; x_wconf 83' lang='lat' dir='ltr'><strong>erre</strong></span> <span class='ocrx_word' id='word_1_230' title='bbox 818 2562 916 2618; x_wconf 82' lang='lat' dir='ltr'><strong>quam,</strong></span> <span class='ocrx_word' id='word_1_231' title='bbox 944 2547 994 2618; x_wconf 85' lang='lat' dir='ltr'><strong>qui</strong></span> <span class='ocrx_word' id='word_1_232' title='bbox 1022 2547 1077 2605; x_wconf 84' lang='lat' dir='ltr'><strong>boe</strong></span> <span class='ocrx_word' id='word_1_233' title='bbox 1103 2549 1230 2620; x_wconf 79' lang='lat' dir='ltr'><strong>ignoret,</strong></span> <span class='ocrx_word' id='word_1_234' title='bbox 1256 2565 1322 2606; x_wconf 88' lang='lat' dir='ltr'><strong>oum</strong></span> <span class='ocrx_word' id='word_1_235' title='bbox 1348 2548 1385 2606; x_wconf 91' lang='lat' dir='ltr'><strong>de</strong></span> 
     </span>
     <span class='ocr_line' id='line_1_26' title="bbox 205 2615 1384 2692; baseline 0.003 -18"><span class='ocrx_word' id='word_1_236' title='bbox 205 2615 295 2686; x_wconf 90' lang='lat' dir='ltr'><strong>diem,</strong></span> <span class='ocrx_word' id='word_1_237' title='bbox 343 2617 392 2674; x_wconf 89' lang='lat' dir='ltr'><strong>uin</strong></span> <span class='ocrx_word' id='word_1_238' title='bbox 421 2620 475 2673; x_wconf 87' lang='lat' dir='ltr'><strong>aut</strong></span> <span class='ocrx_word' id='word_1_239' title='bbox 504 2616 534 2673; x_wconf 89' lang='lat' dir='ltr'><strong>in</strong></span> <span class='ocrx_word' id='word_1_240' title='bbox 565 2616 627 2673; x_wconf 86' lang='lat' dir='ltr'><strong>foro</strong></span> <span class='ocrx_word' id='word_1_241' title='bbox 656 2615 773 2688; x_wconf 77' lang='lat' dir='ltr'><strong>diceret,</strong></span> <span class='ocrx_word' id='word_1_242' title='bbox 817 2617 1038 2676; x_wconf 83' lang='lat' dir='ltr'><strong>bomineoeoieo</strong></span> <span class='ocrx_word' id='word_1_243' title='bbox 1053 2619 1384 2692; x_wconf 81' lang='lat' dir='ltr'><strong>quaeratur,eutnegari</strong></span> 
     </span>
     <span class='ocr_line' id='line_1_27' title="bbox 205 2635 1384 2776; baseline 0.005 -32"><span class='ocrx_word' id='word_1_244' title='bbox 205 2690 257 2744; x_wconf 83' lang='lat' dir='ltr'><strong>aut</strong></span> <span class='ocrx_word' id='word_1_245' title='bbox 274 2635 461 2775; x_wconf 72' lang='lat' dir='ltr'><strong>meditaretur</strong></span> <span class='ocrx_word' id='word_1_246' title='bbox 477 2691 560 2746; x_wconf 87' lang='lat' dir='ltr'><strong>extra</strong></span> <span class='ocrx_word' id='word_1_247' title='bbox 576 2688 677 2773; x_wconf 78' lang='lat' dir='ltr'><strong>lorum.</strong></span> <span class='ocrx_word' id='word_1_248' title='bbox 818 2690 1034 2774; x_wconf 78' lang='lat' dir='ltr'><strong>eolereomnino</strong></span> <span class='ocrx_word' id='word_1_249' title='bbox 1044 2692 1234 2760; x_wconf 79' lang='lat' dir='ltr'><strong>eseeleetum,</strong></span> <span class='ocrx_word' id='word_1_250' title='bbox 1249 2696 1384 2776; x_wconf 79' lang='lat' dir='ltr'><strong>autreete</strong></span> 
     </span>
     <span class='ocr_line' id='line_1_28' title="bbox 205 2759 1385 2918; baseline 0.005 -31"><span class='ocrx_word' id='word_1_251' title='bbox 205 2759 773 2917; x_wconf 57' lang='lat' dir='ltr'><strong>vlfrtllllliltllitlll¹⁰llln⁰ll</strong></span> <span class='ocrx_word' id='word_1_252' title='bbox 818 2761 1296 2918; x_wconf 55' lang='lat' dir='ltr'><strong>“tt‘f‘tt‘ttntttttt</strong></span> <span class='ocrx_word' id='word_1_253' title='bbox 1315 2835 1385 2893; x_wconf 64' lang='lat' dir='ltr'><strong>na</strong></span> 
     </span>
     <span class='ocr_line' id='line_1_29' title="bbox 206 2902 1384 2978; baseline 0.007 -20"><span class='ocrx_word' id='word_1_254' title='bbox 206 2919 261 2960; x_wconf 79' lang='lat' dir='ltr'><strong>erre</strong></span> <span class='ocrx_word' id='word_1_255' title='bbox 284 2920 327 2962; x_wconf 80' lang='lat' dir='ltr'><strong>ere</strong></span> <span class='ocrx_word' id='word_1_256' title='bbox 349 2902 396 2961; x_wconf 87' lang='lat' dir='ltr'><strong>die</strong></span> <span class='ocrx_word' id='word_1_257' title='bbox 419 2905 599 2962; x_wconf 84' lang='lat' dir='ltr'><strong>roruebmeu·</strong></span> <span class='ocrx_word' id='word_1_258' title='bbox 614 2905 719 2962; x_wconf 72' lang='lat' dir='ltr'><strong>Remer</strong></span> <span class='ocrx_word' id='word_1_259' title='bbox 742 2923 773 2962; x_wconf 88' lang='grc' dir='ltr'><strong>ιιι</strong></span> <span class='ocrx_word' id='word_1_260' title='bbox 819 2906 883 2963; x_wconf 81' lang='lat' dir='ltr'><strong>erud</strong></span> <span class='ocrx_word' id='word_1_261' title='bbox 901 2909 1028 2978; x_wconf 79' lang='lat' dir='ltr'><strong>genennt</strong></span> <span class='ocrx_word' id='word_1_262' title='bbox 1049 2915 1071 2964; x_wconf 92' lang='lat'><strong>1.</strong></span> <span class='ocrx_word' id='word_1_263' title='bbox 1090 2909 1141 2965; x_wconf 90' lang='lat' dir='ltr'><strong>der</strong></span> <span class='ocrx_word' id='word_1_264' title='bbox 1163 2909 1254 2965; x_wconf 77' lang='lat' dir='ltr'><strong>etatum</strong></span> <span class='ocrx_word' id='word_1_265' title='bbox 1272 2909 1384 2970; x_wconf 84' lang='lat' dir='ltr'><strong>oouiee·</strong></span> 
     </span>
     <span class='ocr_line' id='line_1_30' title="bbox 206 2973 1385 3052; baseline 0.005 -21"><span class='ocrx_word' id='word_1_266' title='bbox 206 2973 299 3033; x_wconf 83' lang='lat' dir='ltr'><strong>ihrem</strong></span> <span class='ocrx_word' id='word_1_267' title='bbox 316 2974 418 3033; x_wconf 85' lang='lat' dir='ltr'><strong>Dieuet</strong></span> <span class='ocrx_word' id='word_1_268' title='bbox 435 2977 535 3034; x_wconf 77' lang='lat' dir='ltr'><strong>hatten</strong></span> <span class='ocrx_word' id='word_1_269' title='bbox 551 2975 638 3048; x_wconf 72' lang='lat' dir='ltr'><strong>(uerri</strong></span> <span class='ocrx_word' id='word_1_270' title='bbox 651 2976 774 3034; x_wconf 85' lang='lat' dir='ltr'><strong>litterati</strong></span> <span class='ocrx_word' id='word_1_271' title='bbox 818 2977 934 3047; x_wconf 76' lang='lat' dir='ltr'><strong>taralis,</strong></span> <span class='ocrx_word' id='word_1_272' title='bbox 953 2985 978 3037; x_wconf 71' lang='lat' dir='ltr'><strong>t.</strong></span> <span class='ocrx_word' id='word_1_273' title='bbox 993 2979 1045 3036; x_wconf 87' lang='lat' dir='ltr'><strong>der</strong></span> <span class='ocrx_word' id='word_1_274' title='bbox 1058 2982 1094 3038; x_wconf 83' lang='lat' dir='ltr'><strong>rt.</strong></span> <span class='ocrx_word' id='word_1_275' title='bbox 1113 2980 1273 3052; x_wconf 72' lang='lat' dir='ltr'><strong>qualitatis,</strong></span> <span class='ocrx_word' id='word_1_276' title='bbox 1293 2987 1319 3037; x_wconf 77' lang='lat' dir='ltr'><strong>t.</strong></span> <span class='ocrx_word' id='word_1_277' title='bbox 1333 2981 1385 3037; x_wconf 90' lang='lat' dir='ltr'><strong>der</strong></span> 
     </span>
     <span class='ocr_line' id='line_1_31' title="bbox 205 3045 1305 3121; baseline 0.007 -18"><span class='ocrx_word' id='word_1_278' title='bbox 205 3045 285 3105; x_wconf 81' lang='lat' dir='ltr'><strong>Brut.</strong></span> <span class='ocrx_word' id='word_1_279' title='bbox 298 3063 344 3118; x_wconf 73' lang='lat' dir='ltr'><strong>ar).</strong></span> <span class='ocrx_word' id='word_1_280' title='bbox 818 3048 993 3121; x_wconf 71' lang='lat' dir='ltr'><strong>definitivus,</strong></span> <span class='ocrx_word' id='word_1_281' title='bbox 1012 3057 1037 3110; x_wconf 75' lang='grc'><strong>4.</strong></span> <span class='ocrx_word' id='word_1_282' title='bbox 1057 3052 1111 3108; x_wconf 86' lang='lat' dir='ltr'><strong>der</strong></span> <span class='ocrx_word' id='word_1_283' title='bbox 1125 3051 1305 3112; x_wconf 75' lang='lat' dir='ltr'><strong>iuridicialis.</strong></span> 
     </span>
     <span class='ocr_line' id='line_1_32' title="bbox 244 3119 1384 3194; baseline 0.008 -20"><span class='ocrx_word' id='word_1_284' title='bbox 244 3125 305 3178; x_wconf 69' lang='lat'><strong>137.</strong></span> <span class='ocrx_word' id='word_1_285' title='bbox 325 3121 366 3176; x_wconf 88' lang='lat' dir='ltr'><strong>lm</strong></span> <span class='ocrx_word' id='word_1_286' title='bbox 385 3121 540 3191; x_wconf 79' lang='lat' dir='ltr'><strong>folgenden</strong></span> <span class='ocrx_word' id='word_1_287' title='bbox 558 3119 640 3192; x_wconf 86' lang='lat' dir='ltr'><strong>giebt</strong></span> <span class='ocrx_word' id='word_1_288' title='bbox 658 3119 773 3178; x_wconf 66' lang='lat' dir='ltr'><strong>&amp;neue</strong></span> <span class='ocrx_word' id='word_1_289' title='bbox 853 3125 880 3179; x_wconf 85' lang='lat' dir='ltr'><strong>rr&#39;</strong></span> <span class='ocrx_word' id='word_1_290' title='bbox 901 3129 940 3180; x_wconf 83' lang='lat' dir='ltr'><strong>ert</strong></span> <span class='ocrx_word' id='word_1_291' title='bbox 961 3125 1081 3194; x_wconf 64' lang='lat' dir='ltr'><strong>samer,</strong></span> <span class='ocrx_word' id='word_1_292' title='bbox 1104 3125 1132 3182; x_wconf 90' lang='lat' dir='ltr'><strong>d.</strong></span> <span class='ocrx_word' id='word_1_293' title='bbox 1146 3124 1175 3180; x_wconf 89' lang='lat' dir='ltr'><strong>b.</strong></span> <span class='ocrx_word' id='word_1_294' title='bbox 1198 3137 1274 3182; x_wconf 81' lang='lat' dir='ltr'><strong>rom·</strong></span> <span class='ocrx_word' id='word_1_295' title='bbox 1356 3142 1384 3182; x_wconf 89' lang='lat' dir='ltr'><strong>e·</strong></span> 
     </span>
     <span class='ocr_line' id='line_1_33' title="bbox 130 3179 1385 3266; baseline 0.006 -19"><span class='ocrx_word' id='word_1_296' title='bbox 130 3207 134 3212; x_wconf 87' lang='lat'>·</span> <span class='ocrx_word' id='word_1_297' title='bbox 206 3190 271 3250; x_wconf 84' lang='lat' dir='ltr'><strong>einr</strong></span> <span class='ocrx_word' id='word_1_298' title='bbox 288 3192 375 3250; x_wconf 81' lang='lat' dir='ltr'><strong>karae</strong></span> <span class='ocrx_word' id='word_1_299' title='bbox 393 3179 544 3250; x_wconf 81' lang='lat' dir='ltr'><strong>llbereioht</strong></span> <span class='ocrx_word' id='word_1_300' title='bbox 566 3193 617 3250; x_wconf 80' lang='lat' dir='ltr'><strong>dee</strong></span> <span class='ocrx_word' id='word_1_301' title='bbox 639 3193 773 3266; x_wconf 73' lang='lat' dir='ltr'><strong>gentlin-</strong></span> <span class='ocrx_word' id='word_1_302' title='bbox 819 3193 937 3266; x_wconf 78' lang='lat' dir='ltr'><strong>klegten</strong></span> <span class='ocrx_word' id='word_1_303' title='bbox 954 3193 994 3250; x_wconf 78' lang='lat' dir='ltr'><strong>iet</strong></span> <span class='ocrx_word' id='word_1_304' title='bbox 1015 3195 1064 3252; x_wconf 87' lang='lat' dir='ltr'><strong>die</strong></span> <span class='ocrx_word' id='word_1_305' title='bbox 1087 3195 1163 3253; x_wconf 72' lang='lat' dir='ltr'><strong>unat</strong></span> <span class='ocrx_word' id='word_1_306' title='bbox 1180 3196 1340 3254; x_wconf 82' lang='lat' dir='ltr'><strong>rollbrae</strong></span> <span class='ocrx_word' id='word_1_307' title='bbox 1371 3199 1385 3254; x_wconf 91' lang='lat' dir='ltr'><strong>t</strong></span> 
     </span>
     <span class='ocr_line' id='line_1_34' title="bbox 207 3262 1384 3338; baseline 0.005 -18"><span class='ocrx_word' id='word_1_308' title='bbox 207 3262 303 3320; x_wconf 83' lang='lat' dir='ltr'><strong>lichen</strong></span> <span class='ocrx_word' id='word_1_309' title='bbox 347 3263 544 3322; x_wconf 83' lang='lat' dir='ltr'><strong>rhetorioolren</strong></span> <span class='ocrx_word' id='word_1_310' title='bbox 579 3264 773 3338; x_wconf 78' lang='lat' dir='ltr'><strong>Lehreyrteme</strong></span> <span class='ocrx_word' id='word_1_311' title='bbox 819 3269 877 3322; x_wconf 90' lang='lat' dir='ltr'><strong>und</strong></span> <span class='ocrx_word' id='word_1_312' title='bbox 903 3266 965 3322; x_wconf 79' lang='lat' dir='ltr'><strong>dieo</strong></span> <span class='ocrx_word' id='word_1_313' title='bbox 992 3267 1032 3324; x_wconf 87' lang='lat' dir='ltr'><strong>iet</strong></span> <span class='ocrx_word' id='word_1_314' title='bbox 1059 3267 1203 3324; x_wconf 78' lang='lat' dir='ltr'><strong>entneder</strong></span> <span class='ocrx_word' id='word_1_315' title='bbox 1224 3269 1314 3326; x_wconf 84' lang='lat' dir='ltr'><strong>durolr</strong></span> <span class='ocrx_word' id='word_1_316' title='bbox 1336 3268 1384 3326; x_wconf 81' lang='lat' dir='ltr'><strong>die</strong></span> 
     </span>
     <span class='ocr_line' id='line_1_35' title="bbox 206 3334 1384 3411; baseline 0.004 -19"><span class='ocrx_word' id='word_1_317' title='bbox 206 3335 266 3392; x_wconf 87' lang='lat' dir='ltr'><strong>und</strong></span> <span class='ocrx_word' id='word_1_318' title='bbox 293 3334 355 3392; x_wconf 82' lang='lat' dir='ltr'><strong>rein</strong></span> <span class='ocrx_word' id='word_1_319' title='bbox 382 3335 473 3393; x_wconf 81' lang='lat' dir='ltr'><strong>Urteil</strong></span> <span class='ocrx_word' id='word_1_320' title='bbox 500 3338 571 3393; x_wconf 80' lang='lat' dir='ltr'><strong>uber</strong></span> <span class='ocrx_word' id='word_1_321' title='bbox 597 3336 698 3396; x_wconf 72' lang='lat' dir='ltr'><strong>denen</strong></span> <span class='ocrx_word' id='word_1_322' title='bbox 719 3335 773 3394; x_wconf 83' lang='lat' dir='ltr'><strong>&#39;Be-</strong></span> <span class='ocrx_word' id='word_1_323' title='bbox 819 3337 1037 3411; x_wconf 82' lang='lat' dir='ltr'><strong>Unterauehung</strong></span> <span class='ocrx_word' id='word_1_324' title='bbox 1055 3340 1125 3397; x_wconf 85' lang='lat' dir='ltr'><strong>oder</strong></span> <span class='ocrx_word' id='word_1_325' title='bbox 1143 3339 1200 3396; x_wconf 82' lang='lat' dir='ltr'><strong>dar-</strong></span> <span class='ocrx_word' id='word_1_326' title='bbox 1213 3339 1384 3399; x_wconf 72' lang='lat' dir='ltr'><strong>Geettndnir</strong></span> 
     </span>
     <span class='ocr_line' id='line_1_36' title="bbox 208 3407 993 3482; baseline 0.005 -18"><span class='ocrx_word' id='word_1_327' title='bbox 208 3408 343 3479; x_wconf 82' lang='lat' dir='ltr'><strong>deutung.</strong></span> <span class='ocrx_word' id='word_1_328' title='bbox 363 3407 436 3464; x_wconf 78' lang='lat' dir='ltr'><strong>llinl.</strong></span> <span class='ocrx_word' id='word_1_329' title='bbox 452 3408 477 3464; x_wconf 93' lang='lat' dir='ltr'><strong>ll</strong></span> <span class='ocrx_word' id='word_1_330' title='bbox 493 3411 526 3466; x_wconf 79' lang='grc' dir='ltr'><strong>Α.</strong></span> <span class='ocrx_word' id='word_1_331' title='bbox 539 3425 574 3466; x_wconf 83' lang='lat' dir='ltr'><strong>ra</strong></span> <span class='ocrx_word' id='word_1_332' title='bbox 593 3408 651 3471; x_wconf 80' lang='lat' dir='ltr'><strong>Dae</strong></span> <span class='ocrx_word' id='word_1_333' title='bbox 661 3409 772 3482; x_wconf 75' lang='lat' dir='ltr'><strong>Syetem</strong></span> <span class='ocrx_word' id='word_1_334' title='bbox 818 3409 993 3469; x_wconf 81' lang='lat' dir='ltr'><strong>erwieeru.</strong></span> 
     </span>
     <span class='ocr_line' id='line_1_37' title="bbox 208 3479 1385 3558; baseline 0.005 -22"><span class='ocrx_word' id='word_1_335' title='bbox 208 3480 321 3537; x_wconf 81' lang='lat' dir='ltr'><strong>aeheiut</strong></span> <span class='ocrx_word' id='word_1_336' title='bbox 346 3479 401 3536; x_wconf 89' lang='lat' dir='ltr'><strong>mit</strong></span> <span class='ocrx_word' id='word_1_337' title='bbox 432 3481 629 3538; x_wconf 74' lang='lat' dir='ltr'><strong>selbstrudi-</strong></span> <span class='ocrx_word' id='word_1_338' title='bbox 656 3497 692 3538; x_wconf 89' lang='lat' dir='ltr'><strong>er</strong></span> <span class='ocrx_word' id='word_1_339' title='bbox 718 3480 772 3538; x_wconf 88' lang='lat' dir='ltr'><strong>Be·</strong></span> <span class='ocrx_word' id='word_1_340' title='bbox 852 3482 1028 3550; x_wconf 84' lang='lat' dir='ltr'><strong>Volkmann,</strong></span> <span class='ocrx_word' id='word_1_341' title='bbox 1051 3483 1210 3540; x_wconf 80' lang='lat' dir='ltr'><strong>Rhetorik&#39;</strong></span> <span class='ocrx_word' id='word_1_342' title='bbox 1232 3503 1260 3558; x_wconf 80' lang='lat' dir='ltr'><strong>p.</strong></span> <span class='ocrx_word' id='word_1_343' title='bbox 1275 3492 1309 3542; x_wconf 75' lang='lat' dir='ltr'><strong>tt</strong></span> <span class='ocrx_word' id='word_1_344' title='bbox 1324 3485 1385 3542; x_wconf 74' lang='lat' dir='ltr'><strong>will</strong></span> 
     </span>
     <span class='ocr_line' id='line_1_38' title="bbox 207 3499 1384 3629; baseline 0.005 -21"><span class='ocrx_word' id='word_1_345' title='bbox 207 3555 334 3624; x_wconf 70' lang='lat' dir='ltr'><strong>numrng</strong></span> <span class='ocrx_word' id='word_1_346' title='bbox 352 3552 402 3609; x_wconf 81' lang='lat' dir='ltr'><strong>dee</strong></span> <span class='ocrx_word' id='word_1_347' title='bbox 421 3499 693 3624; x_wconf 78' lang='lat' dir='ltr'><strong>Hermegomirelreu</strong></span> <span class='ocrx_word' id='word_1_348' title='bbox 710 3554 771 3610; x_wconf 84' lang='lat' dir='ltr'><strong>auf-</strong></span> <span class='ocrx_word' id='word_1_349' title='bbox 817 3556 889 3612; x_wconf 80' lang='lat' dir='ltr'><strong>ntatt</strong></span> <span class='ocrx_word' id='word_1_350' title='bbox 901 3557 1016 3612; x_wconf 77' lang='lat' dir='ltr'><strong>rectene</strong></span> <span class='ocrx_word' id='word_1_351' title='bbox 1029 3555 1161 3613; x_wconf 81' lang='lat' dir='ltr'><strong>sactum</strong></span> <span class='ocrx_word' id='word_1_352' title='bbox 1177 3557 1270 3614; x_wconf 79' lang='lat' dir='ltr'><strong>leeeur</strong></span> <span class='ocrx_word' id='word_1_353' title='bbox 1280 3560 1384 3629; x_wconf 71' lang='lat' dir='ltr'><strong>aetum</strong></span> 
     </span>
     <span class='ocr_line' id='line_1_39' title="bbox 259 3624 1384 3692; baseline 0.004 -11"><span class='ocrx_word' id='word_1_354' title='bbox 259 3624 326 3681; x_wconf 88' lang='lat' dir='ltr'><strong>tellt</strong></span> <span class='ocrx_word' id='word_1_355' title='bbox 353 3641 387 3681; x_wconf 78' lang='lat' dir='ltr'><strong>au</strong></span> <span class='ocrx_word' id='word_1_356' title='bbox 415 3625 488 3692; x_wconf 82' lang='lat' dir='ltr'><strong>sein,</strong></span> <span class='ocrx_word' id='word_1_357' title='bbox 518 3625 607 3682; x_wconf 76' lang='lat' dir='ltr'><strong>dehet</strong></span> <span class='ocrx_word' id='word_1_358' title='bbox 634 3625 697 3682; x_wconf 80' lang='lat' dir='ltr'><strong>sind</strong></span> <span class='ocrx_word' id='word_1_359' title='bbox 725 3624 773 3683; x_wconf 87' lang='lat' dir='ltr'><strong>die</strong></span> <span class='ocrx_word' id='word_1_360' title='bbox 817 3645 865 3682; x_wconf 89' lang='lat' dir='ltr'><strong>um</strong></span> <span class='ocrx_word' id='word_1_361' title='bbox 893 3644 925 3684; x_wconf 85' lang='lat' dir='ltr'><strong>eo</strong></span> <span class='ocrx_word' id='word_1_362' title='bbox 953 3628 1008 3684; x_wconf 89' lang='lat' dir='ltr'><strong>den</strong></span> <span class='ocrx_word' id='word_1_363' title='bbox 1033 3629 1125 3684; x_wconf 77' lang='lat' dir='ltr'><strong>statue</strong></span> <span class='ocrx_word' id='word_1_364' title='bbox 1152 3630 1204 3686; x_wconf 86' lang='lat' dir='ltr'><strong>der</strong></span> <span class='ocrx_word' id='word_1_365' title='bbox 1234 3629 1384 3688; x_wconf 80' lang='lat' dir='ltr'><strong>tramelatio</strong></span> 
     </span>
     <span class='ocr_line' id='line_1_40' title="bbox 236 3695 1385 3770; baseline 0.005 -18"><span class='ocrx_word' id='word_1_366' title='bbox 236 3696 366 3764; x_wconf 81' lang='lat' dir='ltr'><strong>erenohe,</strong></span> <span class='ocrx_word' id='word_1_367' title='bbox 399 3695 489 3754; x_wconf 88' lang='lat' dir='ltr'><strong>dureh</strong></span> <span class='ocrx_word' id='word_1_368' title='bbox 520 3695 773 3770; x_wconf 75' lang='lat' dir='ltr'><strong>Tmundenngen</strong></span> <span class='ocrx_word' id='word_1_369' title='bbox 818 3698 1012 3758; x_wconf 85' lang='lat' dir='ltr'><strong>hineinanbrin</strong></span> <span class='ocrx_word' id='word_1_370' title='bbox 1035 3717 1083 3768; x_wconf 83' lang='lat' dir='ltr'><strong>eu;</strong></span> <span class='ocrx_word' id='word_1_371' title='bbox 1129 3701 1180 3758; x_wconf 85' lang='lat' dir='ltr'><strong>der</strong></span> <span class='ocrx_word' id='word_1_372' title='bbox 1216 3701 1385 3760; x_wconf 84' lang='lat' dir='ltr'><strong>iuridieialir</strong></span> 
     </span>
     <span class='ocr_line' id='line_1_41' title="bbox 208 3719 1385 3856; baseline 0.006 -32"><span class='ocrx_word' id='word_1_373' title='bbox 208 3769 286 3825; x_wconf 80' lang='lat' dir='ltr'><strong>rollo</strong></span> <span class='ocrx_word' id='word_1_374' title='bbox 321 3755 599 3852; x_wconf 78' lang='lat' dir='ltr'><strong>l&#39;lbereinetimmung</strong></span> <span class='ocrx_word' id='word_1_375' title='bbox 634 3766 688 3826; x_wconf 86' lang='lat' dir='ltr'><strong>mit</strong></span> <span class='ocrx_word' id='word_1_376' title='bbox 723 3769 774 3827; x_wconf 88' lang='lat' dir='ltr'><strong>der</strong></span> <span class='ocrx_word' id='word_1_377' title='bbox 818 3769 861 3853; x_wconf 81' lang='lat' dir='ltr'><strong>rei</strong></span> <span class='ocrx_word' id='word_1_378' title='bbox 883 3719 1141 3856; x_wconf 63' lang='lat' dir='ltr'><strong>gimotheuund</strong></span> <span class='ocrx_word' id='word_1_379' title='bbox 1164 3773 1220 3831; x_wconf 85' lang='lat' dir='ltr'><strong>mit</strong></span> <span class='ocrx_word' id='word_1_380' title='bbox 1243 3773 1296 3831; x_wconf 87' lang='lat' dir='ltr'><strong>der</strong></span> <span class='ocrx_word' id='word_1_381' title='bbox 1336 3791 1385 3831; x_wconf 86' lang='lat' dir='ltr'><strong>ua·</strong></span> 
     </span>
     <span class='ocr_line' id='line_1_42' title="bbox 209 3829 1384 3912; baseline 0.004 -14"><span class='ocrx_word' id='word_1_382' title='bbox 209 3838 357 3912; x_wconf 82' lang='lat' dir='ltr'><strong>eomtlgeu</strong></span> <span class='ocrx_word' id='word_1_383' title='bbox 374 3829 592 3912; x_wconf 74' lang='lat' dir='ltr'><strong>llberlreterung</strong></span> <span class='ocrx_word' id='word_1_384' title='bbox 616 3840 687 3900; x_wconf 80' lang='lat' dir='ltr'><strong>uber</strong></span> <span class='ocrx_word' id='word_1_385' title='bbox 703 3840 773 3900; x_wconf 86' lang='lat' dir='ltr'><strong>Her·</strong></span> <span class='ocrx_word' id='word_1_386' title='bbox 819 3844 886 3898; x_wconf 79' lang='lat' dir='ltr'><strong>latae</strong></span> <span class='ocrx_word' id='word_1_387' title='bbox 909 3844 968 3904; x_wconf 88' lang='lat' dir='ltr'><strong>und</strong></span> <span class='ocrx_word' id='word_1_388' title='bbox 991 3843 1038 3899; x_wconf 82' lang='lat' dir='ltr'><strong>dre</strong></span> <span class='ocrx_word' id='word_1_389' title='bbox 1066 3847 1106 3900; x_wconf 81' lang='lat' dir='ltr'><strong>ret</strong></span> <span class='ocrx_word' id='word_1_390' title='bbox 1132 3846 1222 3903; x_wconf 77' lang='lat' dir='ltr'><strong>sehon</strong></span> <span class='ocrx_word' id='word_1_391' title='bbox 1249 3845 1280 3902; x_wconf 90' lang='lat' dir='ltr'><strong>in</strong></span> <span class='ocrx_word' id='word_1_392' title='bbox 1334 3851 1384 3904; x_wconf 72' lang='lat' dir='ltr'><strong>at</strong></span> 
     </span>
     <span class='ocr_line' id='line_1_43' title="bbox 209 3911 1385 4060; baseline 0.003 -16"><span class='ocrx_word' id='word_1_393' title='bbox 209 3911 775 4044; x_wconf 50' lang='lat' dir='ltr'><strong>mutuaenutuae</strong></span> <span class='ocrx_word' id='word_1_394' title='bbox 819 3913 1122 4060; x_wconf 52' lang='lat' dir='ltr'><strong>remeetur</strong></span> <span class='ocrx_word' id='word_1_395' title='bbox 1141 3917 1231 4060; x_wconf 65' lang='lat' dir='ltr'><strong>terr</strong></span> <span class='ocrx_word' id='word_1_396' title='bbox 1249 3917 1385 4048; x_wconf 69' lang='lat' dir='ltr'><strong>ern</strong></span> 
     </span>
     <span class='ocr_line' id='line_1_44' title="bbox 210 4031 1386 4127; baseline 0.005 -13"><span class='ocrx_word' id='word_1_397' title='bbox 210 4055 288 4114; x_wconf 75' lang='lat' dir='ltr'><strong>nieht</strong></span> <span class='ocrx_word' id='word_1_398' title='bbox 311 4055 373 4113; x_wconf 80' lang='lat' dir='ltr'><strong>rich</strong></span> <span class='ocrx_word' id='word_1_399' title='bbox 399 4056 514 4113; x_wconf 80' lang='lat' dir='ltr'><strong>freilieb</strong></span> <span class='ocrx_word' id='word_1_400' title='bbox 537 4057 680 4114; x_wconf 78' lang='lat' dir='ltr'><strong>manahen.</strong></span> <span class='ocrx_word' id='word_1_401' title='bbox 717 4056 775 4114; x_wconf 79' lang='lat' dir='ltr'><strong>Cio.</strong></span> <span class='ocrx_word' id='word_1_402' title='bbox 820 4055 946 4127; x_wconf 77' lang='lat' dir='ltr'><strong>denkeu,</strong></span> <span class='ocrx_word' id='word_1_403' title='bbox 982 4031 1025 4116; x_wconf 72' lang='lat' dir='ltr'><strong>rid</strong></span> <span class='ocrx_word' id='word_1_404' title='bbox 1051 4059 1266 4120; x_wconf 79' lang='lat' dir='ltr'><strong>aulauuehmera</strong></span> <span class='ocrx_word' id='word_1_405' title='bbox 1302 4061 1386 4120; x_wconf 86' lang='lat' dir='ltr'><strong>Denn</strong></span> 
     </span>
    </p>
   </div>
   <div class='ocr_carea' id='block_1_4' title="bbox 208 4126 1387 4564">
    <p class='ocr_par' dir='ltr' id='par_1_4' title="bbox 208 4126 1387 4564">
     <span class='ocr_line' id='line_1_45' title="bbox 208 4126 1387 4216; baseline 0.005 -31"><span class='ocrx_word' id='word_1_406' title='bbox 208 4127 273 4187; x_wconf 79' lang='lat' dir='ltr'><strong>laur</strong></span> <span class='ocrx_word' id='word_1_407' title='bbox 303 4145 375 4200; x_wconf 83' lang='lat' dir='ltr'><strong>gana</strong></span> <span class='ocrx_word' id='word_1_408' title='bbox 405 4129 533 4186; x_wconf 79' lang='lat' dir='ltr'><strong>offeubar</strong></span> <span class='ocrx_word' id='word_1_409' title='bbox 564 4128 642 4186; x_wconf 81' lang='lat' dir='ltr'><strong>aeine</strong></span> <span class='ocrx_word' id='word_1_410' title='bbox 675 4126 775 4186; x_wconf 83' lang='lat' dir='ltr'><strong>Untor·</strong></span> <span class='ocrx_word' id='word_1_411' title='bbox 820 4131 918 4202; x_wconf 86' lang='lat' dir='ltr'><strong>rtreng</strong></span> <span class='ocrx_word' id='word_1_412' title='bbox 944 4130 973 4186; x_wconf 91' lang='lat' dir='ltr'><strong>lo</strong></span> <span class='ocrx_word' id='word_1_413' title='bbox 1037 4132 1057 4190; x_wconf 88' lang='lat' dir='ltr'><strong>b</strong></span> <span class='ocrx_word' id='word_1_414' title='bbox 1082 4148 1253 4216; x_wconf 75' lang='lat' dir='ltr'><strong>genommer</strong></span> <span class='ocrx_word' id='word_1_415' title='bbox 1281 4134 1387 4207; x_wconf 80' lang='lat' dir='ltr'><strong>gebort</strong></span> 
     </span>
     <span class='ocr_line' id='line_1_46' title="bbox 209 4147 1386 4264; baseline 0.003 -5"><span class='ocrx_word' id='word_1_416' title='bbox 209 4200 312 4259; x_wconf 87' lang='lat' dir='ltr'><strong>redner</strong></span> <span class='ocrx_word' id='word_1_417' title='bbox 329 4200 551 4259; x_wconf 82' lang='lat' dir='ltr'><strong>vereohiedenen</strong></span> <span class='ocrx_word' id='word_1_418' title='bbox 564 4198 703 4259; x_wconf 74' lang='lat' dir='ltr'><strong>Theonino</strong></span> <span class='ocrx_word' id='word_1_419' title='bbox 721 4199 775 4258; x_wconf 79' lang='lat' dir='ltr'><strong>tol·</strong></span> <span class='ocrx_word' id='word_1_420' title='bbox 820 4200 872 4258; x_wconf 88' lang='lat' dir='ltr'><strong>der</strong></span> <span class='ocrx_word' id='word_1_421' title='bbox 887 4205 922 4259; x_wconf 83' lang='lat' dir='ltr'><strong>et.</strong></span> <span class='ocrx_word' id='word_1_422' title='bbox 932 4147 1106 4261; x_wconf 60' lang='lat' dir='ltr'><strong>deffinire</strong></span> <span class='ocrx_word' id='word_1_423' title='bbox 1122 4204 1198 4262; x_wconf 80' lang='lat' dir='ltr'><strong>doeh</strong></span> <span class='ocrx_word' id='word_1_424' title='bbox 1211 4206 1285 4264; x_wconf 83' lang='lat' dir='ltr'><strong>anob</strong></span> <span class='ocrx_word' id='word_1_425' title='bbox 1296 4208 1386 4263; x_wconf 81' lang='lat' dir='ltr'><strong>eohon</strong></span> 
     </span>
     <span class='ocr_line' id='line_1_47' title="bbox 208 4271 1386 4356; baseline 0.002 -26"><span class='ocrx_word' id='word_1_426' title='bbox 208 4289 278 4346; x_wconf 81' lang='lat' dir='ltr'><strong>gen,</strong></span> <span class='ocrx_word' id='word_1_427' title='bbox 299 4271 354 4345; x_wconf 84' lang='lat' dir='ltr'><strong>vgl.</strong></span> <span class='ocrx_word' id='word_1_428' title='bbox 369 4273 527 4332; x_wconf 86' lang='lat' dir='ltr'><strong>a.B.m11</strong></span> <span class='ocrx_word' id='word_1_429' title='bbox 541 4289 588 4332; x_wconf 86' lang='grc' dir='ltr'><strong>ιιο.</strong></span> <span class='ocrx_word' id='word_1_430' title='bbox 818 4289 869 4356; x_wconf 79' lang='lat' dir='ltr'><strong>rur</strong></span> <span class='ocrx_word' id='word_1_431' title='bbox 887 4271 1027 4345; x_wconf 77' lang='lat' dir='ltr'><strong>Qualitttt,</strong></span> <span class='ocrx_word' id='word_1_432' title='bbox 1051 4273 1115 4333; x_wconf 73' lang='lat' dir='ltr'><strong>lasst</strong></span> <span class='ocrx_word' id='word_1_433' title='bbox 1132 4274 1194 4334; x_wconf 78' lang='lat' dir='ltr'><strong>oieb</strong></span> <span class='ocrx_word' id='word_1_434' title='bbox 1214 4277 1386 4350; x_wconf 65' lang='lat' dir='ltr'><strong>wemgrmnr</strong></span> 
     </span>
     <span class='ocr_line' id='line_1_48' title="bbox 246 4343 1386 4419; baseline -0.001 -14"><span class='ocrx_word' id='word_1_435' title='bbox 246 4353 270 4405; x_wconf 85' lang='grc'><strong>7.</strong></span> <span class='ocrx_word' id='word_1_436' title='bbox 288 4348 390 4419; x_wconf 71' lang='lat' dir='ltr'><strong>Atqui,</strong></span> <span class='ocrx_word' id='word_1_437' title='bbox 408 4362 457 4406; x_wconf 83' lang='lat' dir='ltr'><strong>rra.</strong></span> <span class='ocrx_word' id='word_1_438' title='bbox 819 4344 914 4401; x_wconf 73' lang='lat' dir='ltr'><strong>treber</strong></span> <span class='ocrx_word' id='word_1_439' title='bbox 929 4343 1011 4404; x_wconf 76' lang='lat' dir='ltr'><strong>nieht</strong></span> <span class='ocrx_word' id='word_1_440' title='bbox 1027 4346 1129 4404; x_wconf 83' lang='lat' dir='ltr'><strong>immor</strong></span> <span class='ocrx_word' id='word_1_441' title='bbox 1141 4348 1242 4406; x_wconf 74' lang='lat' dir='ltr'><strong>robert</strong></span> <span class='ocrx_word' id='word_1_442' title='bbox 1254 4364 1311 4406; x_wconf 81' lang='lat' dir='ltr'><strong>ron</strong></span> <span class='ocrx_word' id='word_1_443' title='bbox 1324 4348 1386 4404; x_wconf 81' lang='lat' dir='ltr'><strong>ihm</strong></span> 
     </span>
     <span class='ocr_line' id='line_1_49' title="bbox 246 4416 1385 4491; baseline -0.002 -15"><span class='ocrx_word' id='word_1_444' title='bbox 246 4421 468 4478; x_wconf 70' lang='lat' dir='ltr'><strong>neomaenia</strong></span> <span class='ocrx_word' id='word_1_445' title='bbox 496 4425 522 4477; x_wconf 81' lang='lat' dir='ltr'><strong>rt</strong></span> <span class='ocrx_word' id='word_1_446' title='bbox 552 4417 686 4488; x_wconf 60' lang='lat' dir='ltr'><strong>murtro,</strong></span> <span class='ocrx_word' id='word_1_447' title='bbox 721 4432 775 4484; x_wconf 66' lang='lat' dir='ltr'><strong>rear</strong></span> <span class='ocrx_word' id='word_1_448' title='bbox 818 4416 975 4474; x_wconf 76' lang='lat' dir='ltr'><strong>abtmuueu</strong></span> <span class='ocrx_word' id='word_1_449' title='bbox 991 4419 1076 4491; x_wconf 83' lang='lat' dir='ltr'><strong>[anch</strong></span> <span class='ocrx_word' id='word_1_450' title='bbox 1091 4416 1153 4473; x_wconf 82' lang='lat' dir='ltr'><strong>hier</strong></span> <span class='ocrx_word' id='word_1_451' title='bbox 1166 4418 1243 4476; x_wconf 80' lang='lat' dir='ltr'><strong>liesse</strong></span> <span class='ocrx_word' id='word_1_452' title='bbox 1257 4420 1320 4478; x_wconf 83' lang='lat' dir='ltr'><strong>eioh</strong></span> <span class='ocrx_word' id='word_1_453' title='bbox 1333 4420 1385 4476; x_wconf 79' lang='lat' dir='ltr'><strong>das</strong></span> 
     </span>
     <span class='ocr_line' id='line_1_50' title="bbox 211 4487 1386 4564; baseline -0.002 -14"><span class='ocrx_word' id='word_1_454' title='bbox 211 4492 255 4550; x_wconf 88' lang='lat' dir='ltr'><strong>Or.</strong></span> <span class='ocrx_word' id='word_1_455' title='bbox 271 4507 296 4550; x_wconf 87' lang='grc' dir='ltr'><strong>ιι</strong></span> <span class='ocrx_word' id='word_1_456' title='bbox 315 4491 535 4564; x_wconf 86' lang='lat' dir='ltr'><strong>reprehendent,</strong></span> <span class='ocrx_word' id='word_1_457' title='bbox 558 4489 636 4563; x_wconf 89' lang='lat' dir='ltr'><strong>quod</strong></span> <span class='ocrx_word' id='word_1_458' title='bbox 655 4487 773 4546; x_wconf 72' lang='lat' dir='ltr'><strong>inunita</strong></span> <span class='ocrx_word' id='word_1_459' title='bbox 818 4490 869 4545; x_wconf 84' lang='lat' dir='ltr'><strong>art</strong></span> <span class='ocrx_word' id='word_1_460' title='bbox 886 4489 970 4546; x_wconf 81' lang='lat' dir='ltr'><strong>etiam</strong></span> <span class='ocrx_word' id='word_1_461' title='bbox 991 4506 1048 4561; x_wconf 86' lang='lat' dir='ltr'><strong>quo</strong></span> <span class='ocrx_word' id='word_1_462' title='bbox 1061 4487 1174 4545; x_wconf 84' lang='lat' dir='ltr'><strong>nornine</strong></span> <span class='ocrx_word' id='word_1_463' title='bbox 1188 4494 1307 4559; x_wconf 70' lang='lat' dir='ltr'><strong>rotetur</strong></span> <span class='ocrx_word' id='word_1_464' title='bbox 1320 4491 1386 4548; x_wconf 85' lang='lat' dir='ltr'><strong>rehr</strong></span> 
     </span>
    </p>
   </div>
   <div class='ocr_carea' id='block_1_5' title="bbox 0 0 1539 4878">
    <p class='ocr_par' dir='ltr' id='par_1_5' title="bbox 0 0 1539 4878">
     <span class='ocr_line' id='line_1_51' title="bbox 0 0 1539 4878; baseline 0 0"><span class='ocrx_word' id='word_1_465' title='bbox 0 0 1539 4878; x_wconf 95' lang='lat' dir='ltr'><strong> </strong></span> 
     </span>
    </p>
   </div>
  </div>
 </body>
</html>
