<?xml version="1.0" encoding="UTF-8"?>
<!DOCTYPE html PUBLIC "-//W3C//DTD XHTML 1.0 Transitional//EN"
    "http://www.w3.org/TR/xhtml1/DTD/xhtml1-transitional.dtd">
<html xmlns="http://www.w3.org/1999/xhtml" xml:lang="en" lang="en">
 <head>
  <title>
</title>
<meta http-equiv="Content-Type" content="text/html;charset=utf-8" />
  <meta name='ocr-system' content='tesseract 3.04.00' />
  <meta name='ocr-capabilities' content='ocr_page ocr_carea ocr_par ocr_line ocrx_word'/>
</head>
<body>
  <div class='ocr_page' id='page_1' title='image "./deoratore04cicegoog_0134.png"; bbox 0 0 3054 4878; ppageno 0'>
   <div class='ocr_carea' id='block_1_1' title="bbox 155 296 1042 412">
    <p class='ocr_par' dir='ltr' id='par_1_1' title="bbox 155 296 1042 412">
     <span class='ocr_line' id='line_1_1' title="bbox 155 296 1042 412; baseline -0.006 -12"><span class='ocrx_word' id='word_1_1' title='bbox 155 296 233 412; x_wconf 25' lang='lat'><strong>⁴114</strong></span> <span class='ocrx_word' id='word_1_2' title='bbox 478 337 527 396; x_wconf 83' lang='lat' dir='ltr'>on</span> <span class='ocrx_word' id='word_1_3' title='bbox 547 337 719 396; x_wconf 73' lang='lat' dir='ltr'>carrona</span> <span class='ocrx_word' id='word_1_4' title='bbox 739 339 751 394; x_wconf 92' lang='lat'><em>1</em></span> <span class='ocrx_word' id='word_1_5' title='bbox 771 344 814 409; x_wconf 80' lang='grc' dir='ltr'>ιι,</span> <span class='ocrx_word' id='word_1_6' title='bbox 829 353 927 396; x_wconf 70' lang='grc' dir='ltr'>ιι-ιι.</span> <span class='ocrx_word' id='word_1_7' title='bbox 949 345 990 408; x_wconf 83' lang='grc' dir='ltr'>ιι,</span> <span class='ocrx_word' id='word_1_8' title='bbox 1005 353 1042 396; x_wconf 72' lang='grc' dir='ltr'>ιο.</span> 
     </span>
    </p>
   </div>
   <div class='ocr_carea' id='block_1_2' title="bbox 115 486 1509 1124">
    <p class='ocr_par' dir='ltr' id='par_1_2' title="bbox 165 486 1509 944">
     <span class='ocr_line' id='line_1_2' title="bbox 165 486 1356 589; baseline -0.001 -18"><span class='ocrx_word' id='word_1_9' title='bbox 165 501 319 572; x_wconf 81' lang='lat' dir='ltr'>Rhodum</span> <span class='ocrx_word' id='word_1_10' title='bbox 335 502 498 570; x_wconf 76' lang='lat' dir='ltr'>venissem</span> <span class='ocrx_word' id='word_1_11' title='bbox 518 506 645 571; x_wconf 88' lang='lat' dir='ltr'>etcum</span> <span class='ocrx_word' id='word_1_12' title='bbox 665 523 793 569; x_wconf 85' lang='lat' dir='ltr'>summo</span> <span class='ocrx_word' id='word_1_13' title='bbox 812 500 872 569; x_wconf 91' lang='lat' dir='ltr'>illo</span> <span class='ocrx_word' id='word_1_14' title='bbox 891 502 1025 569; x_wconf 85' lang='lat' dir='ltr'>doctore</span> <span class='ocrx_word' id='word_1_15' title='bbox 1044 501 1142 570; x_wconf 85' lang='lat' dir='ltr'>istius</span> <span class='ocrx_word' id='word_1_16' title='bbox 1162 486 1356 589; x_wconf 71' lang='lat' dir='ltr'>disciplinae</span> 
     </span>
     <span class='ocr_line' id='line_1_3' title="bbox 167 589 1358 680; baseline -0.001 -21"><span class='ocrx_word' id='word_1_17' title='bbox 167 592 347 680; x_wconf 76' lang='lat' dir='ltr'>Apollonio</span> <span class='ocrx_word' id='word_1_18' title='bbox 371 611 424 679; x_wconf 88' lang='lat' dir='ltr'>ea,</span> <span class='ocrx_word' id='word_1_19' title='bbox 447 611 532 679; x_wconf 85' lang='lat' dir='ltr'>qnae</span> <span class='ocrx_word' id='word_1_20' title='bbox 551 615 570 658; x_wconf 89' lang='lat' dir='ltr'>a</span> <span class='ocrx_word' id='word_1_21' title='bbox 589 589 749 658; x_wconf 74' lang='lat' dir='ltr'>Panaetio</span> <span class='ocrx_word' id='word_1_22' title='bbox 773 612 976 678; x_wconf 76' lang='lat' dir='ltr'>acceperam,</span> <span class='ocrx_word' id='word_1_23' title='bbox 999 590 1229 679; x_wconf 68' lang='lat' dir='ltr'><strong>contulissem,</strong></span> <span class='ocrx_word' id='word_1_24' title='bbox 1251 591 1358 659; x_wconf 77' lang='lat' dir='ltr'>irrisit</span> 
     </span>
     <span class='ocr_line' id='line_1_4' title="bbox 166 677 1393 769; baseline -0.002 -21"><span class='ocrx_word' id='word_1_25' title='bbox 166 681 224 748; x_wconf 90' lang='lat' dir='ltr'>ille</span> <span class='ocrx_word' id='word_1_26' title='bbox 244 681 390 769; x_wconf 87' lang='lat' dir='ltr'>quidem,</span> <span class='ocrx_word' id='word_1_27' title='bbox 409 685 447 747; x_wconf 90' lang='lat' dir='ltr'>nt</span> <span class='ocrx_word' id='word_1_28' title='bbox 464 680 607 766; x_wconf 89' lang='lat' dir='ltr'>solebat,</span> <span class='ocrx_word' id='word_1_29' title='bbox 625 679 869 766; x_wconf 77' lang='lat' dir='ltr'>philosophiam</span> <span class='ocrx_word' id='word_1_30' title='bbox 888 685 989 766; x_wconf 87' lang='lat' dir='ltr'>atque</span> <span class='ocrx_word' id='word_1_31' title='bbox 1012 680 1212 767; x_wconf 75' lang='lat' dir='ltr'>contempsit</span> <span class='ocrx_word' id='word_1_32' title='bbox 1233 677 1354 748; x_wconf 87' lang='lat' dir='ltr'>multa·</span> <span class='ocrx_word' id='word_1_33' title='bbox 1378 705 1393 746; x_wconf 85' lang='grc' dir='ltr'>ι</span> 
     </span>
     <span class='ocr_line' id='line_1_5' title="bbox 167 767 1509 857; baseline -0.001 -21"><span class='ocrx_word' id='word_1_34' title='bbox 167 791 231 857; x_wconf 89' lang='lat' dir='ltr'>que</span> <span class='ocrx_word' id='word_1_35' title='bbox 248 791 317 836; x_wconf 92' lang='lat' dir='ltr'>non</span> <span class='ocrx_word' id='word_1_36' title='bbox 335 773 406 836; x_wconf 87' lang='lat' dir='ltr'>tam</span> <span class='ocrx_word' id='word_1_37' title='bbox 427 770 574 856; x_wconf 80' lang='lat' dir='ltr'>graviter</span> <span class='ocrx_word' id='word_1_38' title='bbox 592 769 690 855; x_wconf 82' lang='lat' dir='ltr'>dixit,</span> <span class='ocrx_word' id='word_1_39' title='bbox 709 791 808 856; x_wconf 88' lang='lat' dir='ltr'>quam</span> <span class='ocrx_word' id='word_1_40' title='bbox 827 767 948 856; x_wconf 84' lang='lat' dir='ltr'>iacete;</span> <span class='ocrx_word' id='word_1_41' title='bbox 967 771 1027 835; x_wconf 90' lang='lat' dir='ltr'>tua</span> <span class='ocrx_word' id='word_1_42' title='bbox 1045 775 1156 837; x_wconf 89' lang='lat' dir='ltr'>autem</span> <span class='ocrx_word' id='word_1_43' title='bbox 1170 768 1356 838; x_wconf 81' lang='lat' dir='ltr'>trituratio</span> <span class='ocrx_word' id='word_1_44' title='bbox 1378 795 1393 836; x_wconf 80' lang='lat' dir='ltr'>c</span> <span class='ocrx_word' id='word_1_45' title='bbox 1505 795 1509 800; x_wconf 94' lang='lat'>·</span> 
     </span>
     <span class='ocr_line' id='line_1_6' title="bbox 167 855 1357 944; baseline -0.002 -17"><span class='ocrx_word' id='word_1_46' title='bbox 167 858 343 944; x_wconf 86' lang='lat' dir='ltr'>eiusmodi,</span> <span class='ocrx_word' id='word_1_47' title='bbox 361 879 429 925; x_wconf 89' lang='lat' dir='ltr'>non</span> <span class='ocrx_word' id='word_1_48' title='bbox 446 863 486 926; x_wconf 87' lang='lat' dir='ltr'>ut</span> <span class='ocrx_word' id='word_1_49' title='bbox 503 856 607 924; x_wconf 89' lang='lat' dir='ltr'>ullam</span> <span class='ocrx_word' id='word_1_50' title='bbox 627 862 733 924; x_wconf 83' lang='lat' dir='ltr'>artem</span> <span class='ocrx_word' id='word_1_51' title='bbox 748 855 973 925; x_wconf 82' lang='lat' dir='ltr'>doctrinamve</span> <span class='ocrx_word' id='word_1_52' title='bbox 989 861 1228 944; x_wconf 84' lang='lat' dir='ltr'>contemneres,</span> <span class='ocrx_word' id='word_1_53' title='bbox 1247 857 1305 926; x_wconf 87' lang='lat' dir='ltr'>aad</span> <span class='ocrx_word' id='word_1_54' title='bbox 1318 862 1357 925; x_wconf 90' lang='lat' dir='ltr'>nt</span> 
     </span>
    </p>

    <p class='ocr_par' dir='ltr' id='par_1_3' title="bbox 115 944 1394 1124">
     <span class='ocr_line' id='line_1_7' title="bbox 115 944 1394 1027; baseline 0.002 -15"><span class='ocrx_word' id='word_1_55' title='bbox 115 962 149 1013; x_wconf 78' lang='lat' dir='ltr'>tc</span> <span class='ocrx_word' id='word_1_56' title='bbox 167 968 282 1014; x_wconf 88' lang='lat' dir='ltr'>omnes</span> <span class='ocrx_word' id='word_1_57' title='bbox 310 947 449 1014; x_wconf 85' lang='lat' dir='ltr'>comites</span> <span class='ocrx_word' id='word_1_58' title='bbox 478 968 517 1014; x_wconf 89' lang='lat' dir='ltr'>ac</span> <span class='ocrx_word' id='word_1_59' title='bbox 544 944 796 1014; x_wconf 84' lang='lat' dir='ltr'>ministratrices</span> <span class='ocrx_word' id='word_1_60' title='bbox 825 944 968 1014; x_wconf 88' lang='lat' dir='ltr'>oratoris</span> <span class='ocrx_word' id='word_1_61' title='bbox 992 967 1066 1014; x_wconf 86' lang='lat' dir='ltr'>esse</span> <span class='ocrx_word' id='word_1_62' title='bbox 1089 944 1222 1014; x_wconf 84' lang='lat' dir='ltr'>diceres.</span> <span class='ocrx_word' id='word_1_63' title='bbox 1266 946 1394 1027; x_wconf 80' lang='lat' dir='ltr'>Quane</span> 
     </span>
     <span class='ocr_line' id='line_1_8' title="bbox 168 1034 1357 1124; baseline 0 -20"><span class='ocrx_word' id='word_1_64' title='bbox 168 1057 229 1124; x_wconf 78' lang='lat' dir='ltr'>ego</span> <span class='ocrx_word' id='word_1_65' title='bbox 261 1035 290 1103; x_wconf 89' lang='lat' dir='ltr'>si</span> <span class='ocrx_word' id='word_1_66' title='bbox 322 1035 395 1123; x_wconf 89' lang='lat' dir='ltr'>quis</span> <span class='ocrx_word' id='word_1_67' title='bbox 426 1035 472 1104; x_wconf 87' lang='lat' dir='ltr'>sit</span> <span class='ocrx_word' id='word_1_68' title='bbox 501 1057 586 1102; x_wconf 84' lang='lat' dir='ltr'>unus</span> <span class='ocrx_word' id='word_1_69' title='bbox 617 1034 807 1122; x_wconf 84' lang='lat' dir='ltr'>complexus</span> <span class='ocrx_word' id='word_1_70' title='bbox 838 1057 952 1102; x_wconf 88' lang='lat' dir='ltr'>omnes</span> <span class='ocrx_word' id='word_1_71' title='bbox 997 1035 1150 1123; x_wconf 83' lang='lat' dir='ltr'>idemque</span> <span class='ocrx_word' id='word_1_72' title='bbox 1178 1035 1208 1103; x_wconf 92' lang='lat' dir='ltr'>si</span> <span class='ocrx_word' id='word_1_73' title='bbox 1235 1034 1278 1103; x_wconf 85' lang='lat' dir='ltr'>ad</span> <span class='ocrx_word' id='word_1_74' title='bbox 1301 1058 1357 1104; x_wconf 88' lang='lat' dir='ltr'>eas</span> 
     </span>
    </p>
   </div>
   <div class='ocr_carea' id='block_1_3' title="bbox 166 1086 1357 1212">
    <p class='ocr_par' dir='ltr' id='par_1_4' title="bbox 166 1086 1357 1212">
     <span class='ocr_line' id='line_1_9' title="bbox 166 1086 1357 1212; baseline -0.001 -20"><span class='ocrx_word' id='word_1_75' title='bbox 166 1125 360 1193; x_wconf 84' lang='lat' dir='ltr'>facultatem</span> <span class='ocrx_word' id='word_1_76' title='bbox 378 1124 728 1192; x_wconf 75' lang='lat' dir='ltr'>istam&#39;ornatissimaa</span> <span class='ocrx_word' id='word_1_77' title='bbox 747 1123 907 1192; x_wconf 87' lang='lat' dir='ltr'>orationis</span> <span class='ocrx_word' id='word_1_78' title='bbox 922 1086 1122 1212; x_wconf 86' lang='lat' dir='ltr'>adiunxerit,</span> <span class='ocrx_word' id='word_1_79' title='bbox 1139 1146 1207 1192; x_wconf 92' lang='lat' dir='ltr'>non</span> <span class='ocrx_word' id='word_1_80' title='bbox 1220 1146 1357 1212; x_wconf 87' lang='lat' dir='ltr'>possum</span> 
     </span>
    </p>
   </div>
   <div class='ocr_carea' id='block_1_4' title="bbox 60 1211 1406 3083">
    <p class='ocr_par' dir='ltr' id='par_1_5' title="bbox 60 1211 1406 3083">
     <span class='ocr_line' id='line_1_10' title="bbox 168 1211 1358 1300; baseline 0.001 -19"><span class='ocrx_word' id='word_1_81' title='bbox 168 1213 275 1281; x_wconf 88' lang='lat' dir='ltr'>dicere</span> <span class='ocrx_word' id='word_1_82' title='bbox 289 1234 364 1280; x_wconf 85' lang='lat' dir='ltr'>anm</span> <span class='ocrx_word' id='word_1_83' title='bbox 383 1235 451 1281; x_wconf 87' lang='lat' dir='ltr'>non</span> <span class='ocrx_word' id='word_1_84' title='bbox 465 1213 637 1300; x_wconf 78' lang='lat' dir='ltr'>egregium</span> <span class='ocrx_word' id='word_1_85' title='bbox 652 1211 815 1299; x_wconf 87' lang='lat' dir='ltr'>quendam</span> <span class='ocrx_word' id='word_1_86' title='bbox 830 1213 998 1280; x_wconf 87' lang='lat' dir='ltr'>bominem</span> <span class='ocrx_word' id='word_1_87' title='bbox 1012 1216 1112 1300; x_wconf 80' lang='lat' dir='ltr'>atquo</span> <span class='ocrx_word' id='word_1_88' title='bbox 1127 1212 1358 1282; x_wconf 86' lang='lat' dir='ltr'>admirandum</span> 
     </span>
     <span class='ocr_line' id='line_1_11' title="bbox 167 1301 1359 1390; baseline 0.002 -22"><span class='ocrx_word' id='word_1_89' title='bbox 167 1303 252 1389; x_wconf 85' lang='lat' dir='ltr'>iore;</span> <span class='ocrx_word' id='word_1_90' title='bbox 285 1301 343 1370; x_wconf 80' lang='lat' dir='ltr'>aad</span> <span class='ocrx_word' id='word_1_91' title='bbox 370 1301 415 1390; x_wconf 86' lang='lat' dir='ltr'>is,</span> <span class='ocrx_word' id='word_1_92' title='bbox 443 1301 471 1368; x_wconf 91' lang='lat' dir='ltr'>ai</span> <span class='ocrx_word' id='word_1_93' title='bbox 499 1303 574 1389; x_wconf 81' lang='lat' dir='ltr'>quis</span> <span class='ocrx_word' id='word_1_94' title='bbox 599 1307 687 1368; x_wconf 86' lang='lat' dir='ltr'>esset</span> <span class='ocrx_word' id='word_1_95' title='bbox 715 1306 774 1370; x_wconf 88' lang='lat' dir='ltr'>aut</span> <span class='ocrx_word' id='word_1_96' title='bbox 797 1302 826 1368; x_wconf 86' lang='lat' dir='ltr'>si</span> <span class='ocrx_word' id='word_1_97' title='bbox 849 1301 952 1369; x_wconf 89' lang='lat' dir='ltr'>etiam</span> <span class='ocrx_word' id='word_1_98' title='bbox 975 1323 1133 1390; x_wconf 87' lang='lat' dir='ltr'>nmquam</span> <span class='ocrx_word' id='word_1_99' title='bbox 1156 1301 1277 1371; x_wconf 82' lang='lat' dir='ltr'>fnisset</span> <span class='ocrx_word' id='word_1_100' title='bbox 1299 1307 1359 1372; x_wconf 88' lang='lat' dir='ltr'>aut</span> 
     </span>
     <span class='ocr_line' id='line_1_12' title="bbox 168 1391 1358 1479; baseline 0 -19"><span class='ocrx_word' id='word_1_101' title='bbox 168 1413 246 1460; x_wconf 80' lang='lat' dir='ltr'>vero</span> <span class='ocrx_word' id='word_1_102' title='bbox 265 1391 295 1458; x_wconf 86' lang='lat' dir='ltr'>ai</span> <span class='ocrx_word' id='word_1_103' title='bbox 314 1411 387 1458; x_wconf 86' lang='lat' dir='ltr'>esse</span> <span class='ocrx_word' id='word_1_104' title='bbox 406 1397 537 1478; x_wconf 82' lang='lat' dir='ltr'>posset,</span> <span class='ocrx_word' id='word_1_105' title='bbox 560 1396 598 1458; x_wconf 93' lang='lat' dir='ltr'>tu</span> <span class='ocrx_word' id='word_1_106' title='bbox 617 1413 706 1458; x_wconf 86' lang='lat' dir='ltr'>esses</span> <span class='ocrx_word' id='word_1_107' title='bbox 725 1413 810 1458; x_wconf 88' lang='lat' dir='ltr'>nnus</span> <span class='ocrx_word' id='word_1_108' title='bbox 828 1391 992 1478; x_wconf 85' lang='lat' dir='ltr'>profecto,</span> <span class='ocrx_word' id='word_1_109' title='bbox 1016 1391 1072 1479; x_wconf 85' lang='lat' dir='ltr'>qui</span> <span class='ocrx_word' id='word_1_110' title='bbox 1091 1397 1126 1459; x_wconf 89' lang='lat' dir='ltr'>et</span> <span class='ocrx_word' id='word_1_111' title='bbox 1143 1412 1218 1460; x_wconf 88' lang='lat' dir='ltr'>meo</span> <span class='ocrx_word' id='word_1_112' title='bbox 1237 1391 1358 1460; x_wconf 88' lang='lat' dir='ltr'>indicio</span> 
     </span>
     <span class='ocr_line' id='line_1_13' title="bbox 168 1477 1380 1569; baseline 0.001 -22"><span class='ocrx_word' id='word_1_113' title='bbox 168 1484 203 1548; x_wconf 87' lang='lat' dir='ltr'>et</span> <span class='ocrx_word' id='word_1_114' title='bbox 226 1479 374 1548; x_wconf 89' lang='lat' dir='ltr'>omnium</span> <span class='ocrx_word' id='word_1_115' title='bbox 398 1478 453 1547; x_wconf 84' lang='lat' dir='ltr'>vix</span> <span class='ocrx_word' id='word_1_116' title='bbox 476 1479 580 1547; x_wconf 88' lang='lat' dir='ltr'>ultam</span> <span class='ocrx_word' id='word_1_117' title='bbox 604 1481 722 1547; x_wconf 84' lang='lat' dir='ltr'>ceteris</span> <span class='ocrx_word' id='word_1_118' title='bbox 742 1479 930 1548; x_wconf 88' lang='lat' dir='ltr'>oratoribus</span> <span class='ocrx_word' id='word_1_119' title='bbox 949 1477 1045 1569; x_wconf 84' lang='lat' dir='ltr'>(pace</span> <span class='ocrx_word' id='word_1_120' title='bbox 1063 1478 1184 1548; x_wconf 87' lang='lat' dir='ltr'>horum</span> <span class='ocrx_word' id='word_1_121' title='bbox 1203 1478 1380 1568; x_wconf 68' lang='lat' dir='ltr'>dixerim)³</span> 
     </span>
     <span class='ocr_line' id='line_1_14' title="bbox 114 1563 1362 1658; baseline 0.002 -23"><span class='ocrx_word' id='word_1_122' title='bbox 114 1587 148 1638; x_wconf 76' lang='lat' dir='ltr'>rc</span> <span class='ocrx_word' id='word_1_123' title='bbox 168 1569 300 1637; x_wconf 86' lang='lat' dir='ltr'>laudem</span> <span class='ocrx_word' id='word_1_124' title='bbox 332 1568 508 1656; x_wconf 84' lang='lat' dir='ltr'>reliquisti.</span> <span class='ocrx_word' id='word_1_125' title='bbox 554 1567 679 1638; x_wconf 84' lang='lat' dir='ltr'>Verum</span> <span class='ocrx_word' id='word_1_126' title='bbox 713 1570 741 1636; x_wconf 91' lang='lat' dir='ltr'>si</span> <span class='ocrx_word' id='word_1_127' title='bbox 771 1569 833 1636; x_wconf 88' lang='lat' dir='ltr'>tibi</span> <span class='ocrx_word' id='word_1_128' title='bbox 864 1569 941 1658; x_wconf 88' lang='lat' dir='ltr'>ipsi</span> <span class='ocrx_word' id='word_1_129' title='bbox 958 1569 1044 1640; x_wconf 90' lang='lat' dir='ltr'>nihil</span> <span class='ocrx_word' id='word_1_130' title='bbox 1075 1563 1183 1655; x_wconf 79' lang='lat' dir='ltr'>deest,</span> <span class='ocrx_word' id='word_1_131' title='bbox 1215 1569 1301 1658; x_wconf 89' lang='lat' dir='ltr'>quod</span> <span class='ocrx_word' id='word_1_132' title='bbox 1324 1570 1362 1637; x_wconf 90' lang='lat' dir='ltr'>in</span> 
     </span>
     <span class='ocr_line' id='line_1_15' title="bbox 167 1657 1359 1746; baseline 0.001 -20"><span class='ocrx_word' id='word_1_133' title='bbox 167 1657 356 1726; x_wconf 82' lang='lat' dir='ltr'>forensibus</span> <span class='ocrx_word' id='word_1_134' title='bbox 379 1658 478 1726; x_wconf 85' lang='lat' dir='ltr'>rebus</span> <span class='ocrx_word' id='word_1_135' title='bbox 501 1658 654 1726; x_wconf 84' lang='lat' dir='ltr'>civilibus</span> <span class='ocrx_word' id='word_1_136' title='bbox 679 1681 720 1725; x_wconf 87' lang='lat' dir='ltr'>ue</span> <span class='ocrx_word' id='word_1_137' title='bbox 742 1662 906 1746; x_wconf 84' lang='lat' dir='ltr'>versetur,</span> <span class='ocrx_word' id='word_1_138' title='bbox 930 1659 1009 1746; x_wconf 90' lang='lat' dir='ltr'>quin</span> <span class='ocrx_word' id='word_1_139' title='bbox 1033 1659 1131 1745; x_wconf 84' lang='lat' dir='ltr'>scias,</span> <span class='ocrx_word' id='word_1_140' title='bbox 1156 1679 1263 1746; x_wconf 85' lang='lat' dir='ltr'>neque</span> <span class='ocrx_word' id='word_1_141' title='bbox 1285 1679 1359 1727; x_wconf 78' lang='lat' dir='ltr'>earn</span> 
     </span>
     <span class='ocr_line' id='line_1_16' title="bbox 168 1681 1359 1835; baseline 0 -21"><span class='ocrx_word' id='word_1_142' title='bbox 168 1752 282 1815; x_wconf 73' lang='lat' dir='ltr'>tamar</span> <span class='ocrx_word' id='word_1_143' title='bbox 304 1746 493 1834; x_wconf 86' lang='lat' dir='ltr'>scientiam,</span> <span class='ocrx_word' id='word_1_144' title='bbox 516 1769 615 1834; x_wconf 88' lang='lat' dir='ltr'>quam</span> <span class='ocrx_word' id='word_1_145' title='bbox 639 1681 794 1835; x_wconf 78' lang='lat' dir='ltr'>adiungis</span> <span class='ocrx_word' id='word_1_146' title='bbox 818 1749 959 1834; x_wconf 89' lang='lat' dir='ltr'>oratori,</span> <span class='ocrx_word' id='word_1_147' title='bbox 982 1747 1172 1833; x_wconf 88' lang='lat' dir='ltr'>complexus</span> <span class='ocrx_word' id='word_1_148' title='bbox 1196 1758 1248 1834; x_wconf 86' lang='lat' dir='ltr'>as&#39;,</span> <span class='ocrx_word' id='word_1_149' title='bbox 1270 1747 1359 1814; x_wconf 83' lang='lat' dir='ltr'>vide·</span> 
     </span>
     <span class='ocr_line' id='line_1_17' title="bbox 169 1834 1404 1992; baseline 0 -88"><span class='ocrx_word' id='word_1_150' title='bbox 169 1857 324 1992; x_wconf 72' lang='lat' dir='ltr'>amuane</span> <span class='ocrx_word' id='word_1_151' title='bbox 343 1834 419 1992; x_wconf 57' lang='lat' dir='ltr'>tgna</span> <span class='ocrx_word' id='word_1_152' title='bbox 439 1835 471 1902; x_wconf 89' lang='lat' dir='ltr'>ai</span> <span class='ocrx_word' id='word_1_153' title='bbox 488 1836 690 1991; x_wconf 52' lang='lat' dir='ltr'>triiffiramus,</span> <span class='ocrx_word' id='word_1_154' title='bbox 713 1856 885 1990; x_wconf 54' lang='lat' dir='ltr'>‘1¹3⁸me</span> <span class='ocrx_word' id='word_1_155' title='bbox 904 1841 938 1903; x_wconf 88' lang='lat' dir='ltr'>et</span> <span class='ocrx_word' id='word_1_156' title='bbox 956 1836 1082 1992; x_wconf 51' lang='lat' dir='ltr'>verita}</span> <span class='ocrx_word' id='word_1_157' title='bbox 1100 1836 1174 1925; x_wconf 87' lang='lat' dir='ltr'>ipsa</span> <span class='ocrx_word' id='word_1_158' title='bbox 1192 1835 1359 1992; x_wconf 51' lang='lat' dir='ltr'>concgdplt</span> <span class='ocrx_word' id='word_1_159' title='bbox 1378 1861 1404 1904; x_wconf 82' lang='lat' dir='ltr'>rs</span> 
     </span>
     <span class='ocr_line' id='line_1_18' title="bbox 116 1930 1403 2094; baseline 0.005 -13"><span class='ocrx_word' id='word_1_160' title='bbox 116 1943 150 1996; x_wconf 59' lang='lat' dir='ltr'><em>w</em></span> <span class='ocrx_word' id='word_1_161' title='bbox 169 1945 324 2082; x_wconf 62' lang='lat' dir='ltr'>oratorilse</span> <span class='ocrx_word' id='word_1_162' title='bbox 338 1947 509 2081; x_wconf 64' lang='lat' dir='ltr'>bddtbdbd</span> <span class='ocrx_word' id='word_1_163' title='bbox 525 1930 1277 2094; x_wconf 47' lang='lat' dir='ltr'>dixiddddtodiuildqlblnimmbobobutedididibrdb</span> <span class='ocrx_word' id='word_1_164' title='bbox 1300 1946 1363 2088; x_wconf 61' lang='lat' dir='ltr'>aud</span> <span class='ocrx_word' id='word_1_165' title='bbox 1376 1949 1403 1993; x_wconf 60' lang='grc' dir='ltr'><strong>Π</strong></span> 
     </span>
     <span class='ocr_line' id='line_1_19' title="bbox 170 2103 1406 2193; baseline 0.002 -23"><span class='ocrx_word' id='word_1_166' title='bbox 170 2104 253 2171; x_wconf 89' lang='lat' dir='ltr'>scire</span> <span class='ocrx_word' id='word_1_167' title='bbox 281 2103 474 2190; x_wconf 79' lang='lat' dir='ltr'>potuimus?</span> <span class='ocrx_word' id='word_1_168' title='bbox 504 2103 565 2190; x_wconf 87' lang='lat' dir='ltr'>qui</span> <span class='ocrx_word' id='word_1_169' title='bbox 594 2108 672 2171; x_wconf 89' lang='lat' dir='ltr'>ante</span> <span class='ocrx_word' id='word_1_170' title='bbox 699 2103 742 2171; x_wconf 83' lang='lat' dir='ltr'>ad</span> <span class='ocrx_word' id='word_1_171' title='bbox 765 2105 944 2190; x_wconf 82' lang='lat' dir='ltr'>agendum,</span> <span class='ocrx_word' id='word_1_172' title='bbox 972 2125 1071 2190; x_wconf 89' lang='lat' dir='ltr'>qnam</span> <span class='ocrx_word' id='word_1_173' title='bbox 1095 2104 1137 2172; x_wconf 88' lang='lat' dir='ltr'>ad</span> <span class='ocrx_word' id='word_1_174' title='bbox 1160 2125 1358 2193; x_wconf 79' lang='lat' dir='ltr'>cognoscan-</span> <span class='ocrx_word' id='word_1_175' title='bbox 1378 2129 1406 2172; x_wconf 84' lang='lat' dir='ltr'>re</span> 
     </span>
     <span class='ocr_line' id='line_1_20' title="bbox 169 2181 1406 2282; baseline 0.002 -24"><span class='ocrx_word' id='word_1_176' title='bbox 169 2193 247 2260; x_wconf 85' lang='lat' dir='ltr'>dnm</span> <span class='ocrx_word' id='word_1_177' title='bbox 270 2192 437 2278; x_wconf 78' lang='lat' dir='ltr'>venimus3</span> <span class='ocrx_word' id='word_1_178' title='bbox 468 2214 550 2280; x_wconf 87' lang='lat' dir='ltr'>quos</span> <span class='ocrx_word' id='word_1_179' title='bbox 578 2191 613 2258; x_wconf 92' lang='lat' dir='ltr'>in</span> <span class='ocrx_word' id='word_1_180' title='bbox 641 2181 728 2280; x_wconf 84' lang='lat' dir='ltr'>forb,</span> <span class='ocrx_word' id='word_1_181' title='bbox 761 2214 843 2280; x_wconf 88' lang='lat' dir='ltr'>quos</span> <span class='ocrx_word' id='word_1_182' title='bbox 871 2193 906 2260; x_wconf 89' lang='lat' dir='ltr'>in</span> <span class='ocrx_word' id='word_1_183' title='bbox 933 2192 1128 2279; x_wconf 85' lang='lat' dir='ltr'>ambitione,</span> <span class='ocrx_word' id='word_1_184' title='bbox 1155 2214 1238 2282; x_wconf 86' lang='lat' dir='ltr'>qnos</span> <span class='ocrx_word' id='word_1_185' title='bbox 1266 2195 1406 2260; x_wconf 82' lang='lat' dir='ltr'>inraso</span> 
     </span>
     <span class='ocr_line' id='line_1_21' title="bbox 170 2280 1404 2370; baseline 0.003 -23"><span class='ocrx_word' id='word_1_186' title='bbox 170 2281 317 2369; x_wconf 84' lang='lat' dir='ltr'>publica,</span> <span class='ocrx_word' id='word_1_187' title='bbox 348 2301 431 2368; x_wconf 90' lang='lat' dir='ltr'>qnos</span> <span class='ocrx_word' id='word_1_188' title='bbox 460 2281 497 2347; x_wconf 91' lang='lat' dir='ltr'>in</span> <span class='ocrx_word' id='word_1_189' title='bbox 527 2281 707 2349; x_wconf 87' lang='lat' dir='ltr'>amicorum</span> <span class='ocrx_word' id='word_1_190' title='bbox 737 2281 883 2368; x_wconf 80' lang='lat' dir='ltr'>negotiis</span> <span class='ocrx_word' id='word_1_191' title='bbox 912 2303 966 2349; x_wconf 87' lang='lat' dir='ltr'>res</span> <span class='ocrx_word' id='word_1_192' title='bbox 995 2280 1070 2370; x_wconf 87' lang='lat' dir='ltr'>ipsa</span> <span class='ocrx_word' id='word_1_193' title='bbox 1100 2287 1179 2350; x_wconf 85' lang='lat' dir='ltr'>ante</span> <span class='ocrx_word' id='word_1_194' title='bbox 1209 2281 1359 2369; x_wconf 84' lang='lat' dir='ltr'>confecit,</span> <span class='ocrx_word' id='word_1_195' title='bbox 1376 2309 1404 2351; x_wconf 84' lang='grc' dir='ltr'>ιι</span> 
     </span>
     <span class='ocr_line' id='line_1_22' title="bbox 117 2368 1359 2459; baseline -0.005 -17"><span class='ocrx_word' id='word_1_196' title='bbox 117 2389 269 2459; x_wconf 77' lang='lat' dir='ltr'>taquam</span> <span class='ocrx_word' id='word_1_197' title='bbox 293 2391 465 2457; x_wconf 84' lang='lat' dir='ltr'>possamus</span> <span class='ocrx_word' id='word_1_198' title='bbox 489 2368 614 2456; x_wconf 89' lang='lat' dir='ltr'>aliquid</span> <span class='ocrx_word' id='word_1_199' title='bbox 637 2371 677 2438; x_wconf 87' lang='lat' dir='ltr'>de</span> <span class='ocrx_word' id='word_1_200' title='bbox 700 2369 800 2437; x_wconf 85' lang='lat' dir='ltr'>rebus</span> <span class='ocrx_word' id='word_1_201' title='bbox 823 2370 926 2439; x_wconf 89' lang='lat' dir='ltr'>tantis</span> <span class='ocrx_word' id='word_1_202' title='bbox 946 2369 1121 2458; x_wconf 83' lang='lat' dir='ltr'>auspicari!</span> <span class='ocrx_word' id='word_1_203' title='bbox 1154 2369 1278 2450; x_wconf 79' lang='lat' dir='ltr'>Quodsi</span> <span class='ocrx_word' id='word_1_204' title='bbox 1296 2371 1359 2438; x_wconf 90' lang='lat' dir='ltr'>tibi</span> 
     </span>
     <span class='ocr_line' id='line_1_23' title="bbox 169 2457 1359 2549; baseline -0.001 -22"><span class='ocrx_word' id='word_1_205' title='bbox 169 2463 300 2528; x_wconf 86' lang='lat' dir='ltr'>tanturn</span> <span class='ocrx_word' id='word_1_206' title='bbox 323 2457 360 2526; x_wconf 93' lang='lat' dir='ltr'>in</span> <span class='ocrx_word' id='word_1_207' title='bbox 381 2458 479 2526; x_wconf 92' lang='lat' dir='ltr'>nobis</span> <span class='ocrx_word' id='word_1_208' title='bbox 501 2459 632 2526; x_wconf 82' lang='lat' dir='ltr'>ridetur</span> <span class='ocrx_word' id='word_1_209' title='bbox 655 2481 740 2547; x_wconf 88' lang='lat' dir='ltr'>esse,</span> <span class='ocrx_word' id='word_1_210' title='bbox 764 2460 884 2546; x_wconf 87' lang='lat' dir='ltr'>quibua</span> <span class='ocrx_word' id='word_1_211' title='bbox 906 2459 1040 2527; x_wconf 87' lang='lat' dir='ltr'>etiamsi</span> <span class='ocrx_word' id='word_1_212' title='bbox 1057 2459 1242 2549; x_wconf 81' lang='lat' dir='ltr'>ingenium,</span> <span class='ocrx_word' id='word_1_213' title='bbox 1263 2465 1302 2528; x_wconf 89' lang='lat' dir='ltr'>ut</span> <span class='ocrx_word' id='word_1_214' title='bbox 1322 2465 1359 2526; x_wconf 93' lang='lat' dir='ltr'>tu</span> 
     </span>
     <span class='ocr_line' id='line_1_24' title="bbox 170 2546 1405 2636; baseline 0.002 -20"><span class='ocrx_word' id='word_1_215' title='bbox 170 2553 283 2636; x_wconf 86' lang='lat' dir='ltr'>putas,</span> <span class='ocrx_word' id='word_1_216' title='bbox 305 2568 372 2615; x_wconf 89' lang='lat' dir='ltr'>non</span> <span class='ocrx_word' id='word_1_217' title='bbox 395 2548 537 2616; x_wconf 83' lang='lat' dir='ltr'>maxima</span> <span class='ocrx_word' id='word_1_218' title='bbox 560 2547 680 2636; x_wconf 84' lang='lat' dir='ltr'>detuit,</span> <span class='ocrx_word' id='word_1_219' title='bbox 702 2546 858 2616; x_wconf 86' lang='lat' dir='ltr'>doctrina</span> <span class='ocrx_word' id='word_1_220' title='bbox 874 2554 964 2617; x_wconf 82' lang='lat' dir='ltr'>certe</span> <span class='ocrx_word' id='word_1_221' title='bbox 988 2553 1023 2617; x_wconf 86' lang='lat' dir='ltr'>et</span> <span class='ocrx_word' id='word_1_222' title='bbox 1046 2549 1151 2618; x_wconf 88' lang='lat' dir='ltr'>otium</span> <span class='ocrx_word' id='word_1_223' title='bbox 1174 2554 1209 2617; x_wconf 84' lang='lat' dir='ltr'>et</span> <span class='ocrx_word' id='word_1_224' title='bbox 1226 2549 1359 2618; x_wconf 87' lang='lat' dir='ltr'>hercule</span> <span class='ocrx_word' id='word_1_225' title='bbox 1377 2576 1405 2618; x_wconf 76' lang='lat' dir='ltr'>rs</span> 
     </span>
     <span class='ocr_line' id='line_1_25' title="bbox 171 2635 1406 2726; baseline 0.002 -22"><span class='ocrx_word' id='word_1_226' title='bbox 171 2638 272 2705; x_wconf 82' lang='lat' dir='ltr'>etiam</span> <span class='ocrx_word' id='word_1_227' title='bbox 291 2636 438 2704; x_wconf 86' lang='lat' dir='ltr'>stadium</span> <span class='ocrx_word' id='word_1_228' title='bbox 457 2635 540 2704; x_wconf 91' lang='lat' dir='ltr'>illud</span> <span class='ocrx_word' id='word_1_229' title='bbox 559 2635 706 2713; x_wconf 85' lang='lat' dir='ltr'>discendi</span> <span class='ocrx_word' id='word_1_230' title='bbox 725 2638 921 2712; x_wconf 83' lang='lat' dir='ltr'>acerrimum</span> <span class='ocrx_word' id='word_1_231' title='bbox 939 2637 1059 2706; x_wconf 80' lang='lat' dir='ltr'>defuitr</span> <span class='ocrx_word' id='word_1_232' title='bbox 1082 2638 1161 2725; x_wconf 89' lang='lat' dir='ltr'>qnid</span> <span class='ocrx_word' id='word_1_233' title='bbox 1180 2658 1307 2726; x_wconf 71' lang='lat' dir='ltr'>cenem,</span> <span class='ocrx_word' id='word_1_234' title='bbox 1331 2639 1360 2706; x_wconf 86' lang='lat' dir='ltr'>ai</span> <span class='ocrx_word' id='word_1_235' title='bbox 1377 2665 1406 2708; x_wconf 77' lang='lat' dir='ltr'>aa</span> 
     </span>
     <span class='ocr_line' id='line_1_26' title="bbox 171 2724 1359 2816; baseline 0.003 -24"><span class='ocrx_word' id='word_1_236' title='bbox 171 2727 212 2792; x_wconf 88' lang='lat' dir='ltr'>ad</span> <span class='ocrx_word' id='word_1_237' title='bbox 232 2725 370 2793; x_wconf 87' lang='lat' dir='ltr'>alicuius</span> <span class='ocrx_word' id='word_1_238' title='bbox 385 2725 554 2814; x_wconf 84' lang='lat' dir='ltr'>ingenium</span> <span class='ocrx_word' id='word_1_239' title='bbox 568 2726 622 2795; x_wconf 85' lang='lat' dir='ltr'>vet</span> <span class='ocrx_word' id='word_1_240' title='bbox 636 2728 743 2794; x_wconf 87' lang='lat' dir='ltr'>maius</span> <span class='ocrx_word' id='word_1_241' title='bbox 762 2728 835 2814; x_wconf 89' lang='lat' dir='ltr'>illa,</span> <span class='ocrx_word' id='word_1_242' title='bbox 854 2749 939 2814; x_wconf 84' lang='lat' dir='ltr'>qnae</span> <span class='ocrx_word' id='word_1_243' title='bbox 957 2749 1020 2814; x_wconf 80' lang='lat' dir='ltr'>ogo</span> <span class='ocrx_word' id='word_1_244' title='bbox 1040 2748 1106 2794; x_wconf 89' lang='lat' dir='ltr'>non</span> <span class='ocrx_word' id='word_1_245' title='bbox 1119 2724 1234 2816; x_wconf 80' lang='lat' dir='ltr'>attigi,</span> <span class='ocrx_word' id='word_1_246' title='bbox 1253 2748 1359 2796; x_wconf 80' lang='lat' dir='ltr'>acces·</span> 
     </span>
     <span class='ocr_line' id='line_1_27' title="bbox 171 2814 1191 2903; baseline 0.005 -23"><span class='ocrx_word' id='word_1_247' title='bbox 171 2816 276 2883; x_wconf 88' lang='lat' dir='ltr'>serint</span> <span class='ocrx_word' id='word_1_248' title='bbox 312 2814 444 2903; x_wconf 84' lang='lat' dir='ltr'>qualem</span> <span class='ocrx_word' id='word_1_249' title='bbox 466 2815 561 2882; x_wconf 87' lang='lat' dir='ltr'>illum</span> <span class='ocrx_word' id='word_1_250' title='bbox 586 2821 621 2882; x_wconf 91' lang='lat' dir='ltr'>et</span> <span class='ocrx_word' id='word_1_251' title='bbox 643 2822 803 2903; x_wconf 85' lang='lat' dir='ltr'>quantum</span> <span class='ocrx_word' id='word_1_252' title='bbox 828 2821 994 2884; x_wconf 87' lang='lat' dir='ltr'>oratorem</span> <span class='ocrx_word' id='word_1_253' title='bbox 1017 2817 1191 2885; x_wconf 74' lang='lat' dir='ltr'>futurum?</span> 
     </span>
     <span class='ocr_line' id='line_1_28' title="bbox 60 2866 1406 2995; baseline 0.001 -21"><span class='ocrx_word' id='word_1_254' title='bbox 60 2919 97 2974; x_wconf 76' lang='lat'>18</span> <span class='ocrx_word' id='word_1_255' title='bbox 116 2924 152 2974; x_wconf 86' lang='lat' dir='ltr'>so</span> <span class='ocrx_word' id='word_1_256' title='bbox 260 2866 345 2971; x_wconf 70' lang='lat' dir='ltr'>dum</span> <span class='ocrx_word' id='word_1_257' title='bbox 368 2904 552 2972; x_wconf 70' lang='lat' dir='ltr'>Auruncus:</span> <span class='ocrx_word' id='word_1_258' title='bbox 582 2902 707 2972; x_wconf 89' lang='lat' dir='ltr'>Probas</span> <span class='ocrx_word' id='word_1_259' title='bbox 735 2903 831 2991; x_wconf 90' lang='lat' dir='ltr'>mihi,</span> <span class='ocrx_word' id='word_1_260' title='bbox 858 2905 983 2993; x_wconf 90' lang='lat' dir='ltr'>inquit,</span> <span class='ocrx_word' id='word_1_261' title='bbox 1010 2905 1091 2992; x_wconf 88' lang='lat' dir='ltr'>ista,</span> <span class='ocrx_word' id='word_1_262' title='bbox 1120 2904 1254 2995; x_wconf 71' lang='lat' dir='ltr'>Onaso,</span> <span class='ocrx_word' id='word_1_263' title='bbox 1277 2926 1361 2993; x_wconf 83' lang='lat' dir='ltr'>qnae</span> <span class='ocrx_word' id='word_1_264' title='bbox 1379 2933 1406 2976; x_wconf 83' lang='lat' dir='ltr'>re</span> 
     </span>
     <span class='ocr_line' id='line_1_29' title="bbox 172 2991 1361 3083; baseline 0.003 -23"><span class='ocrx_word' id='word_1_265' title='bbox 172 2993 270 3079; x_wconf 90' lang='lat' dir='ltr'>dieis,</span> <span class='ocrx_word' id='word_1_266' title='bbox 287 3013 348 3060; x_wconf 89' lang='lat' dir='ltr'>nec</span> <span class='ocrx_word' id='word_1_267' title='bbox 368 2991 499 3080; x_wconf 89' lang='lat' dir='ltr'>dubito,</span> <span class='ocrx_word' id='word_1_268' title='bbox 518 2993 598 3079; x_wconf 89' lang='lat' dir='ltr'>quin</span> <span class='ocrx_word' id='word_1_269' title='bbox 616 2993 722 3061; x_wconf 86' lang='lat' dir='ltr'>multo</span> <span class='ocrx_word' id='word_1_270' title='bbox 742 2992 939 3080; x_wconf 87' lang='lat' dir='ltr'>locupletior</span> <span class='ocrx_word' id='word_1_271' title='bbox 956 2995 992 3062; x_wconf 89' lang='lat' dir='ltr'>in</span> <span class='ocrx_word' id='word_1_272' title='bbox 1010 2992 1148 3062; x_wconf 84' lang='lat' dir='ltr'>dicendo</span> <span class='ocrx_word' id='word_1_273' title='bbox 1162 2993 1293 3063; x_wconf 82' lang='lat' dir='ltr'>tuturus</span> <span class='ocrx_word' id='word_1_274' title='bbox 1308 2995 1361 3083; x_wconf 83' lang='lat' dir='ltr'>sit,</span> 
     </span>
    </p>
   </div>
   <div class='ocr_carea' id='block_1_5' title="bbox 170 3166 1366 4598">
    <p class='ocr_par' dir='ltr' id='par_1_6' title="bbox 170 3166 1366 4598">
     <span class='ocr_line' id='line_1_30' title="bbox 207 3166 1360 3242; baseline 0.002 -18"><span class='ocrx_word' id='word_1_275' title='bbox 207 3174 234 3224; x_wconf 78' lang='lat' dir='ltr'>t.</span> <span class='ocrx_word' id='word_1_276' title='bbox 255 3167 303 3224; x_wconf 69' lang='lat' dir='ltr'>rite</span> <span class='ocrx_word' id='word_1_277' title='bbox 324 3167 450 3238; x_wconf 51' lang='lat' dir='ltr'>videta,</span> <span class='ocrx_word' id='word_1_278' title='bbox 471 3169 513 3223; x_wconf 86' lang='lat' dir='ltr'>irn</span> <span class='ocrx_word' id='word_1_279' title='bbox 530 3167 690 3240; x_wconf 76' lang='lat' dir='ltr'>Gegensatc</span> <span class='ocrx_word' id='word_1_280' title='bbox 709 3185 745 3224; x_wconf 86' lang='lat' dir='ltr'>au</span> <span class='ocrx_word' id='word_1_281' title='bbox 790 3185 848 3238; x_wconf 87' lang='lat' dir='ltr'>ars,</span> <span class='ocrx_word' id='word_1_282' title='bbox 868 3168 919 3224; x_wconf 86' lang='lat' dir='ltr'>der</span> <span class='ocrx_word' id='word_1_283' title='bbox 937 3166 1060 3225; x_wconf 75' lang='lat' dir='ltr'>Theoric</span> <span class='ocrx_word' id='word_1_284' title='bbox 1079 3185 1146 3225; x_wconf 81' lang='lat' dir='ltr'>von</span> <span class='ocrx_word' id='word_1_285' title='bbox 1164 3170 1221 3227; x_wconf 86' lang='lat' dir='ltr'>den</span> <span class='ocrx_word' id='word_1_286' title='bbox 1239 3168 1360 3242; x_wconf 76' lang='lat' dir='ltr'>Dingen.</span> 
     </span>
     <span class='ocr_line' id='line_1_31' title="bbox 170 3236 1311 3309; baseline 0.005 -16"><span class='ocrx_word' id='word_1_287' title='bbox 170 3241 222 3293; x_wconf 88' lang='lat' dir='ltr'>tua</span> <span class='ocrx_word' id='word_1_288' title='bbox 239 3241 335 3294; x_wconf 84' lang='lat' dir='ltr'>antem</span> <span class='ocrx_word' id='word_1_289' title='bbox 353 3236 410 3294; x_wconf 81' lang='lat' dir='ltr'>tuit</span> <span class='ocrx_word' id='word_1_290' title='bbox 427 3238 528 3295; x_wconf 73' lang='lat' dir='ltr'>oratio,</span> <span class='ocrx_word' id='word_1_291' title='bbox 791 3255 838 3298; x_wconf 81' lang='lat' dir='ltr'>rso.</span> <span class='ocrx_word' id='word_1_292' title='bbox 875 3241 994 3309; x_wconf 64' lang='lat' dir='ltr'>contat</span> <span class='ocrx_word' id='word_1_293' title='bbox 1011 3240 1185 3296; x_wconf 81' lang='lat' dir='ltr'>verbraactt</span> <span class='ocrx_word' id='word_1_294' title='bbox 1202 3242 1262 3299; x_wconf 85' lang='lat' dir='ltr'>hat</span> <span class='ocrx_word' id='word_1_295' title='bbox 1309 3264 1311 3270; x_wconf 60' lang='grc'><em>’</em></span> 
     </span>
     <span class='ocr_line' id='line_1_32' title="bbox 207 3306 1363 3383; baseline 0.004 -18"><span class='ocrx_word' id='word_1_296' title='bbox 207 3317 234 3365; x_wconf 78' lang='grc'>4.</span> <span class='ocrx_word' id='word_1_297' title='bbox 318 3311 401 3379; x_wconf 67' lang='grc' dir='ltr'>νέων,</span> <span class='ocrx_word' id='word_1_298' title='bbox 435 3309 526 3366; x_wconf 86' lang='lat' dir='ltr'>durch</span> <span class='ocrx_word' id='word_1_299' title='bbox 557 3309 744 3383; x_wconf 79' lang='lat' dir='ltr'>aticbhaltigo</span> <span class='ocrx_word' id='word_1_300' title='bbox 825 3318 869 3366; x_wconf 75' lang='lat'>24.</span> <span class='ocrx_word' id='word_1_301' title='bbox 896 3312 1037 3380; x_wconf 57' lang='lat' dir='ltr'>duriciam</span> <span class='ocrx_word' id='word_1_302' title='bbox 1064 3306 1139 3367; x_wconf 69' lang='lat' dir='ltr'>&#39;sine</span> <span class='ocrx_word' id='word_1_303' title='bbox 1167 3328 1225 3383; x_wconf 85' lang='lat' dir='ltr'>qna</span> <span class='ocrx_word' id='word_1_304' title='bbox 1252 3310 1363 3370; x_wconf 85' lang='lat' dir='ltr'>etiamsi</span> 
     </span>
     <span class='ocr_line' id='line_1_33' title="bbox 172 3379 1362 3465; baseline 0.003 -29"><span class='ocrx_word' id='word_1_305' title='bbox 172 3379 251 3436; x_wconf 82' lang='lat' dir='ltr'>Grtin</span> <span class='ocrx_word' id='word_1_306' title='bbox 271 3396 287 3436; x_wconf 86' lang='lat' dir='ltr'>e</span> <span class='ocrx_word' id='word_1_307' title='bbox 306 3379 513 3465; x_wconf 69' lang='lat' dir='ltr'>dbamengend.</span> <span class='ocrx_word' id='word_1_308' title='bbox 581 3452 587 3464; x_wconf 37' lang='lat'><strong>.</strong></span> <span class='ocrx_word' id='word_1_309' title='bbox 789 3382 860 3452; x_wconf 86' lang='lat' dir='ltr'>quid</span> <span class='ocrx_word' id='word_1_310' title='bbox 876 3380 950 3438; x_wconf 88' lang='lat' dir='ltr'>bene</span> <span class='ocrx_word' id='word_1_311' title='bbox 964 3381 1070 3464; x_wconf 82' lang='lat' dir='ltr'>dicitur</span> <span class='ocrx_word' id='word_1_312' title='bbox 1083 3382 1238 3440; x_wconf 84' lang='lat' dir='ltr'>adiuvante</span> <span class='ocrx_word' id='word_1_313' title='bbox 1250 3387 1362 3453; x_wconf 80' lang='lat' dir='ltr'>natura,</span> 
     </span>
     <span class='ocr_line' id='line_1_34' title="bbox 206 3450 1363 3528; baseline 0.002 -18"><span class='ocrx_word' id='word_1_314' title='bbox 206 3452 308 3522; x_wconf 71' lang='lat' dir='ltr'>scam,</span> <span class='ocrx_word' id='word_1_315' title='bbox 326 3450 494 3523; x_wconf 80' lang='lat' dir='ltr'>gaietrarcb,</span> <span class='ocrx_word' id='word_1_316' title='bbox 512 3451 617 3525; x_wconf 76' lang='lat' dir='ltr'>witarg.</span> <span class='ocrx_word' id='word_1_317' title='bbox 789 3456 886 3511; x_wconf 87' lang='lat' dir='ltr'>tamen</span> <span class='ocrx_word' id='word_1_318' title='bbox 903 3453 935 3508; x_wconf 90' lang='lat' dir='ltr'>id</span> <span class='ocrx_word' id='word_1_319' title='bbox 953 3470 1023 3526; x_wconf 84' lang='lat' dir='ltr'>ana</span> <span class='ocrx_word' id='word_1_320' title='bbox 1039 3453 1158 3512; x_wconf 66' lang='lat' dir='ltr'>samnito</span> <span class='ocrx_word' id='word_1_321' title='bbox 1181 3456 1225 3526; x_wconf 84' lang='lat' dir='ltr'>tit,</span> <span class='ocrx_word' id='word_1_322' title='bbox 1251 3471 1363 3528; x_wconf 79' lang='lat' dir='ltr'>semper</span> 
     </span>
     <span class='ocr_line' id='line_1_35' title="bbox 204 3521 1361 3607; baseline 0.003 -28"><span class='ocrx_word' id='word_1_323' title='bbox 204 3529 233 3604; x_wconf 41' lang='grc'>,6.</span> <span class='ocrx_word' id='word_1_324' title='bbox 248 3524 371 3603; x_wconf 72' lang='lat' dir='ltr'>comites,</span> <span class='ocrx_word' id='word_1_325' title='bbox 386 3521 431 3579; x_wconf 87' lang='lat' dir='ltr'>Or.</span> <span class='ocrx_word' id='word_1_326' title='bbox 442 3525 516 3607; x_wconf 83' lang='lat' dir='ltr'>part.</span> <span class='ocrx_word' id='word_1_327' title='bbox 528 3539 561 3592; x_wconf 75' lang='lat' dir='ltr'>cs,</span> <span class='ocrx_word' id='word_1_328' title='bbox 569 3526 635 3580; x_wconf 91' lang='lat' dir='ltr'>unt</span> <span class='ocrx_word' id='word_1_329' title='bbox 648 3527 745 3580; x_wconf 85' lang='lat' dir='ltr'>antam</span> <span class='ocrx_word' id='word_1_330' title='bbox 789 3529 921 3596; x_wconf 87' lang='lat' dir='ltr'>paratum</span> <span class='ocrx_word' id='word_1_331' title='bbox 949 3541 1011 3582; x_wconf 85' lang='lat' dir='ltr'>esse</span> <span class='ocrx_word' id='word_1_332' title='bbox 1038 3543 1097 3581; x_wconf 92' lang='lat' dir='ltr'>non</span> <span class='ocrx_word' id='word_1_333' title='bbox 1127 3522 1245 3600; x_wconf 85' lang='lat' dir='ltr'>potest&#39;.</span> <span class='ocrx_word' id='word_1_334' title='bbox 1283 3525 1361 3583; x_wconf 86' lang='lat' dir='ltr'>Brut.</span> 
     </span>
     <span class='ocr_line' id='line_1_36' title="bbox 172 3593 1039 3678; baseline 0.005 -29"><span class='ocrx_word' id='word_1_335' title='bbox 172 3595 247 3650; x_wconf 84' lang='lat' dir='ltr'>atrae</span> <span class='ocrx_word' id='word_1_336' title='bbox 275 3611 358 3678; x_wconf 77' lang='lat' dir='ltr'>quasi</span> <span class='ocrx_word' id='word_1_337' title='bbox 389 3593 537 3651; x_wconf 78' lang='lat' dir='ltr'>ministrae</span> <span class='ocrx_word' id='word_1_338' title='bbox 569 3595 744 3666; x_wconf 87' lang='lat' dir='ltr'>comitesque</span> <span class='ocrx_word' id='word_1_339' title='bbox 791 3596 1039 3669; x_wconf 81' lang='lat' dir='ltr'>nr;p.Arcb.1a.</span> 
     </span>
     <span class='ocr_line' id='line_1_37' title="bbox 172 3663 1364 3808; baseline 0.003 -14"><span class='ocrx_word' id='word_1_340' title='bbox 172 3663 745 3794; x_wconf 64' lang='grc' dir='ltr'>ιιιιιιιιειιιιιιιι</span> <span class='ocrx_word' id='word_1_341' title='bbox 790 3670 923 3795; x_wconf 61' lang='lat' dir='ltr'>,cr</span> <span class='ocrx_word' id='word_1_342' title='bbox 938 3667 1039 3795; x_wconf 70' lang='lat' dir='ltr'>ree</span> <span class='ocrx_word' id='word_1_343' title='bbox 1192 3667 1240 3808; x_wconf 81' lang='lat' dir='ltr'>a</span> <span class='ocrx_word' id='word_1_344' title='bbox 1258 3667 1364 3798; x_wconf 61' lang='lat' dir='ltr'>ccc</span> 
     </span>
     <span class='ocr_line' id='line_1_38' title="bbox 1036 3758 1299 3796; baseline 0.004 -1"><span class='ocrx_word' id='word_1_345' title='bbox 1036 3758 1063 3795; x_wconf 58' lang='lat' dir='ltr'>n*</span> <span class='ocrx_word' id='word_1_346' title='bbox 1141 3782 1147 3796; x_wconf 93' lang='lat'><em>.</em></span> <span class='ocrx_word' id='word_1_347' title='bbox 1293 3781 1299 3796; x_wconf 91' lang='lat'>.</span> 
     </span>
     <span class='ocr_line' id='line_1_39' title="bbox 174 3784 1363 3892; baseline 0.005 -30"><span class='ocrx_word' id='word_1_348' title='bbox 174 3824 208 3863; x_wconf 85' lang='lat' dir='ltr'>ao</span> <span class='ocrx_word' id='word_1_349' title='bbox 233 3807 363 3880; x_wconf 85' lang='lat' dir='ltr'>periacto</span> <span class='ocrx_word' id='word_1_350' title='bbox 388 3807 560 3881; x_wconf 86' lang='lat' dir='ltr'>imperatore</span> <span class='ocrx_word' id='word_1_351' title='bbox 583 3809 747 3892; x_wconf 67' lang='lat' dir='ltr'>qnaprenda</span> <span class='ocrx_word' id='word_1_352' title='bbox 828 3784 1363 3878; x_wconf 68' lang='lat' dir='ltr'>18,aa.B.Ansicbtdestn’tonina</span> 
     </span>
     <span class='ocr_line' id='line_1_40' title="bbox 173 3877 1364 4026; baseline 0.003 -19"><span class='ocrx_word' id='word_1_353' title='bbox 173 3877 746 4022; x_wconf 43' lang='lat' dir='ltr'>dimmittat?</span> <span class='ocrx_word' id='word_1_354' title='bbox 791 3883 933 4009; x_wconf 58' lang='lat' dir='ltr'>taidi</span> <span class='ocrx_word' id='word_1_355' title='bbox 964 3879 1280 4026; x_wconf 59' lang='lat' dir='ltr'>tiarati?</span> <span class='ocrx_word' id='word_1_356' title='bbox 1298 3882 1364 4011; x_wconf 70' lang='lat' dir='ltr'>tt</span> 
     </span>
     <span class='ocr_line' id='line_1_41' title="bbox 211 4021 1365 4093; baseline 0.005 -16"><span class='ocrx_word' id='word_1_357' title='bbox 211 4026 253 4078; x_wconf 75' lang='lat'>16.</span> <span class='ocrx_word' id='word_1_358' title='bbox 285 4037 330 4079; x_wconf 81' lang='lat' dir='ltr'>rer</span> <span class='ocrx_word' id='word_1_359' title='bbox 360 4028 387 4080; x_wconf 81' lang='lat' dir='ltr'>ct</span> <span class='ocrx_word' id='word_1_360' title='bbox 417 4025 532 4093; x_wconf 64' lang='lat' dir='ltr'>mar,</span> <span class='ocrx_word' id='word_1_361' title='bbox 568 4023 620 4079; x_wconf 80' lang='lat' dir='ltr'>dor</span> <span class='ocrx_word' id='word_1_362' title='bbox 652 4023 747 4080; x_wconf 79' lang='lat' dir='ltr'>autre</span> <span class='ocrx_word' id='word_1_363' title='bbox 793 4021 1365 4083; x_wconf 77' lang='lat' dir='ltr'>crasansiordertAntoninsrorn</span> 
     </span>
     <span class='ocr_line' id='line_1_42' title="bbox 173 4091 1365 4161; baseline 0.003 -10"><span class='ocrx_word' id='word_1_364' title='bbox 173 4091 370 4161; x_wconf 80' lang='lat' dir='ltr'>Sacbverhalt.</span> <span class='ocrx_word' id='word_1_365' title='bbox 792 4093 1079 4152; x_wconf 78' lang='lat' dir='ltr'>Rednernnrdas</span> <span class='ocrx_word' id='word_1_366' title='bbox 1093 4095 1228 4154; x_wconf 83' lang='lat' dir='ltr'>idrdan</span> <span class='ocrx_word' id='word_1_367' title='bbox 1241 4096 1365 4154; x_wconf 77' lang='lat' dir='ltr'>Romen</span> 
     </span>
     <span class='ocr_line' id='line_1_43' title="bbox 211 4163 1366 4246; baseline 0.003 -25"><span class='ocrx_word' id='word_1_368' title='bbox 211 4169 253 4221; x_wconf 80' lang='lat' dir='ltr'>tt.</span> <span class='ocrx_word' id='word_1_369' title='bbox 272 4180 331 4222; x_wconf 74' lang='lat' dir='ltr'>noa</span> <span class='ocrx_word' id='word_1_370' title='bbox 347 4166 383 4222; x_wconf 80' lang='lat' dir='ltr'>dc</span> <span class='ocrx_word' id='word_1_371' title='bbox 398 4181 460 4222; x_wconf 80' lang='lat' dir='ltr'>acco</span> <span class='ocrx_word' id='word_1_372' title='bbox 473 4163 571 4246; x_wconf 68' lang='lat' dir='ltr'>nrJil</span> <span class='ocrx_word' id='word_1_373' title='bbox 587 4181 625 4233; x_wconf 68' lang='lat' dir='ltr'>rer</span> <span class='ocrx_word' id='word_1_374' title='bbox 645 4163 747 4223; x_wconf 85' lang='lat' dir='ltr'>Einl.I</span> <span class='ocrx_word' id='word_1_375' title='bbox 793 4164 1023 4222; x_wconf 80' lang='lat' dir='ltr'>Erreichbara</span> <span class='ocrx_word' id='word_1_376' title='bbox 1036 4165 1366 4226; x_wconf 81' lang='lat' dir='ltr'>nndttrdiei’raxia</span> 
     </span>
     <span class='ocr_line' id='line_1_44' title="bbox 174 4235 1363 4306; baseline 0.001 -12"><span class='ocrx_word' id='word_1_377' title='bbox 174 4241 280 4306; x_wconf 53' lang='lat' dir='ltr'>§aaa</span> <span class='ocrx_word' id='word_1_378' title='bbox 792 4237 853 4292; x_wconf 80' lang='lat' dir='ltr'>aut</span> <span class='ocrx_word' id='word_1_379' title='bbox 890 4237 965 4294; x_wconf 83' lang='lat' dir='ltr'>dem</span> <span class='ocrx_word' id='word_1_380' title='bbox 1001 4236 1123 4295; x_wconf 72' lang='lat' dir='ltr'>Forum</span> <span class='ocrx_word' id='word_1_381' title='bbox 1158 4235 1363 4297; x_wconf 81' lang='lat' dir='ltr'>Wartvolte.</span> 
     </span>
     <span class='ocr_line' id='line_1_45' title="bbox 212 4306 1364 4382; baseline 0.001 -17"><span class='ocrx_word' id='word_1_382' title='bbox 212 4314 255 4365; x_wconf 78' lang='grc'>19.</span> <span class='ocrx_word' id='word_1_383' title='bbox 272 4308 312 4365; x_wconf 82' lang='lat' dir='ltr'>ad</span> <span class='ocrx_word' id='word_1_384' title='bbox 324 4309 475 4382; x_wconf 59' lang='lat' dir='ltr'>spnden,</span> <span class='ocrx_word' id='word_1_385' title='bbox 493 4307 524 4364; x_wconf 89' lang='lat' dir='ltr'>in</span> <span class='ocrx_word' id='word_1_386' title='bbox 537 4306 586 4365; x_wconf 88' lang='lat' dir='ltr'>dia</span> <span class='ocrx_word' id='word_1_387' title='bbox 599 4306 697 4365; x_wconf 81' lang='lat' dir='ltr'>Praris</span> <span class='ocrx_word' id='word_1_388' title='bbox 712 4324 746 4366; x_wconf 78' lang='lat' dir='ltr'>aa.</span> <span class='ocrx_word' id='word_1_389' title='bbox 792 4307 856 4365; x_wconf 88' lang='lat' dir='ltr'>Die</span> <span class='ocrx_word' id='word_1_390' title='bbox 883 4307 1136 4382; x_wconf 82' lang='lat' dir='ltr'>Philosopben,</span> <span class='ocrx_word' id='word_1_391' title='bbox 1162 4309 1227 4368; x_wconf 88' lang='lat' dir='ltr'>mit</span> <span class='ocrx_word' id='word_1_392' title='bbox 1253 4310 1364 4368; x_wconf 87' lang='lat' dir='ltr'>denen</span> 
     </span>
     <span class='ocr_line' id='line_1_46' title="bbox 175 4378 1363 4454; baseline 0 -16"><span class='ocrx_word' id='word_1_393' title='bbox 175 4379 746 4454; x_wconf 70' lang='lat' dir='ltr'>adwpaocccadum,canbeorieillm.</span> <span class='ocrx_word' id='word_1_394' title='bbox 793 4378 965 4439; x_wconf 79' lang='lat' dir='ltr'>Antonius</span> <span class='ocrx_word' id='word_1_395' title='bbox 997 4396 1037 4436; x_wconf 80' lang='lat' dir='ltr'>an</span> <span class='ocrx_word' id='word_1_396' title='bbox 1068 4381 1182 4437; x_wconf 80' lang='lat' dir='ltr'>Athen</span> <span class='ocrx_word' id='word_1_397' title='bbox 1214 4379 1270 4438; x_wconf 87' lang='lat' dir='ltr'>ain</span> <span class='ocrx_word' id='word_1_398' title='bbox 1297 4379 1363 4438; x_wconf 78' lang='lat' dir='ltr'>(te-</span> 
     </span>
     <span class='ocr_line' id='line_1_47' title="bbox 212 4449 1364 4523; baseline 0 -15"><span class='ocrx_word' id='word_1_399' title='bbox 212 4457 255 4510; x_wconf 76' lang='lat' dir='ltr'>to.</span> <span class='ocrx_word' id='word_1_400' title='bbox 277 4455 308 4509; x_wconf 80' lang='lat' dir='ltr'>ia</span> <span class='ocrx_word' id='word_1_401' title='bbox 325 4453 477 4511; x_wconf 63' lang='lat' dir='ltr'>antium</span> <span class='ocrx_word' id='word_1_402' title='bbox 494 4467 516 4510; x_wconf 84' lang='lat' dir='ltr'>a.</span> <span class='ocrx_word' id='word_1_403' title='bbox 535 4468 571 4509; x_wconf 79' lang='lat' dir='ltr'>ec.</span> <span class='ocrx_word' id='word_1_404' title='bbox 794 4449 918 4522; x_wconf 73' lang='lat' dir='ltr'>sprtoh</span> <span class='ocrx_word' id='word_1_405' title='bbox 942 4451 1027 4506; x_wconf 78' lang='lat' dir='ltr'>uber</span> <span class='ocrx_word' id='word_1_406' title='bbox 1049 4451 1105 4507; x_wconf 88' lang='lat' dir='ltr'>die</span> <span class='ocrx_word' id='word_1_407' title='bbox 1123 4450 1281 4523; x_wconf 74' lang='lat' dir='ltr'>Anigaba</span> <span class='ocrx_word' id='word_1_408' title='bbox 1304 4452 1364 4510; x_wconf 85' lang='lat' dir='ltr'>dea</span> 
     </span>
     <span class='ocr_line' id='line_1_48' title="bbox 212 4520 1364 4598; baseline -0.002 -17"><span class='ocrx_word' id='word_1_409' title='bbox 212 4530 255 4582; x_wconf 78' lang='lat'>21.</span> <span class='ocrx_word' id='word_1_410' title='bbox 282 4540 326 4581; x_wconf 79' lang='lat' dir='ltr'>ree</span> <span class='ocrx_word' id='word_1_411' title='bbox 352 4525 430 4598; x_wconf 69' lang='lat' dir='ltr'>apsa,</span> <span class='ocrx_word' id='word_1_412' title='bbox 458 4525 499 4580; x_wconf 85' lang='lat' dir='ltr'>im</span> <span class='ocrx_word' id='word_1_413' title='bbox 525 4522 685 4598; x_wconf 79' lang='lat' dir='ltr'>Gegensata</span> <span class='ocrx_word' id='word_1_414' title='bbox 713 4539 747 4579; x_wconf 84' lang='lat' dir='ltr'>cn</span> <span class='ocrx_word' id='word_1_415' title='bbox 792 4521 948 4579; x_wconf 77' lang='lat' dir='ltr'>Redners</span> <span class='ocrx_word' id='word_1_416' title='bbox 983 4520 1095 4590; x_wconf 84' lang='lat' dir='ltr'>hatte,</span> <span class='ocrx_word' id='word_1_417' title='bbox 1132 4521 1277 4579; x_wconf 81' lang='lat' dir='ltr'>machon</span> <span class='ocrx_word' id='word_1_418' title='bbox 1308 4521 1364 4579; x_wconf 90' lang='lat' dir='ltr'>die</span> 
     </span>
    </p>
   </div>
   <div class='ocr_carea' id='block_1_6' title="bbox 0 0 1542 4878">
    <p class='ocr_par' dir='ltr' id='par_1_7' title="bbox 0 0 1542 4878">
     <span class='ocr_line' id='line_1_49' title="bbox 0 0 1542 4878; baseline 0 0"><span class='ocrx_word' id='word_1_419' title='bbox 0 0 1542 4878; x_wconf 95' lang='lat' dir='ltr'> </span> 
     </span>
    </p>
   </div>
   <div class='ocr_carea' id='block_1_7' title="bbox 944 4818 1061 4850">
    <p class='ocr_par' dir='ltr' id='par_1_8' title="bbox 944 4818 1061 4850">
     <span class='ocr_line' id='line_1_50' title="bbox 944 4818 1061 4850; baseline 0 0"><span class='ocrx_word' id='word_1_420' title='bbox 944 4818 1061 4850; x_wconf 61' lang='grc' dir='ltr'><strong>Α</strong></span> 
     </span>
    </p>
   </div>
  </div>
 </body>
</html>
